3440 5096
715 451 934 512 ..71..

268 636 317 688 tus
339 648 412 689 vero
433 609 540 690 ¹Martis
568 649 667 690 eomes
695 637 739 691 est
767 650 865 711 aeque
891 651 927 690 ac
949 629 1087 706 Bellona;
1113 613 1382 697 conferarz'uheb.

267 717 315 778 XI
339 722 414 784 422.
438 719 499 780 VII
523 722 595 782 702.
619 719 671 781 Sil.
696 721 733 783 It.
758 720 785 780 V
812 723 883 782 126.
909 721 1007 782 Plaut.
1032 721 1142 802 Amph.
1167 726 1219 784 47.

357 827 502 898 Quoniam
534 827 571 886 de
602 826 747 888 Kalendis
778 827 994 889 Decembribus
1018 828 1104 889 modo
1134 829 1228 890 verba
1250 830 1383 911 fecimus,

265 915 400 1065 qurrqqigqr
423 917 614 977 absolvamus
638 937 716 998 quae
732 917 813 977 dev.
833 922 872 980 70
891 939 934 999 sq.
958 917 1043 979 uobis
1066 919 1209 980 videntur
1231 940 1296 980 esse
1318 941 1383 1000 pro·

481 1113 537 1174 hoe
559 1113 708 1195 plaudunt
731 1135 826 1193 grege
848 1114 964 1195 Lydiae
986 1125 1143 1196 tumentes,

480 1203 541 1264 illic
564 1204 701 1296 cymbala
724 1205 920 1284 tinnulaeque
942 1203 1052 1281 Gades.

355 1347 417 1408 Ubi
433 1367 471 1405 ne
488 1348 602 1426 apicem
619 1345 740 1427 quidem
756 1346 933 1408 mutandum
949 1367 1015 1407 esse
1030 1347 1137 1412 iudico.
1164 1349 1266 1428 Vulgo
1283 1358 1383 1408 autem

221 1433 223 1440 ’
267 1434 429 1496 secundum
462 1436 633 1496 Marklandi
666 1438 867 1496 coniecturam
899 1436 1038 1497 scribitur
1068 1460 1098 1497 v.
1133 1440 1170 1498 71
1207 1433 1290 1525 ‘illoss
1323 1458 1384 1520 qua

266 1526 430 1586 mutatione
455 1527 566 1606 optime
590 1546 692 1587 carere
715 1547 880 1608 possumus.
926 1527 1052 1586 Prorsus
1076 1538 1175 1588 autem
1199 1529 1351 1588 aberravit
1366 1549 1385 1587 a

266 1636 336 1675 vero
363 1615 433 1676 Otto
464 1615 497 1698 (l.
514 1616 534 1675 l.
559 1638 588 1696 p.
616 1613 708 1699 373),
741 1638 808 1677 cum
841 1611 909 1702 ‘hic‘
930 1645 972 1661 -—
992 1611 1075 1703 ‘illio‘
1105 1619 1273 1698 proposuit,
1306 1638 1384 1699 quae

266 1706 435 1764 coniectura
458 1705 638 1765 refutatione
662 1727 721 1765 non
746 1705 837 1784 digna
862 1716 916 1768 ast.

356 1792 448 1854 Porro
472 1794 549 1853 male
572 1804 704 1854 tentatus
727 1804 771 1855 est
794 1817 813 1853 a
835 1797 907 1856 viris
930 1795 1025 1856 doctis
1041 1817 1107 1856 meo
1131 1796 1252 1876 quidem
1274 1797 1383 1857 iudicio

267 1883 461 1964 Epithalamii
486 1882 517 1964 (Ι
534 1884 564 1961 2)
587 1905 615 1946 v,
642 1888 703 1946 130
721 1905 764 1964 sq.
789 1885 991 1945 Violentillam

405 1975 430 2034 si
453 1973 642 2032 Thessalicos
664 1973 800 2047 vidisses,
825 1974 957 2058 Phoebe,
982 1994 1036 2055 per
1059 1995 1148 2054 agros

406 2071 518 2123 erraret
541 2083 646 2124 secura
668 2063 811 2144 Daphn03
836 2066 861 2122 ei
884 2065 915 2123 in
939 2065 1026 2124 litore
1048 2064 1130 2124 Naxi

406 2153 559 2216 Theseum
582 2155 669 2212 iuxta
691 2154 769 2212 foret
791 2153 865 2212 haec
889 2155 1161 2229 conspectaoubile,

404 2241 538 2304 Gnosida
561 2241 709 2302 desertam
731 2243 876 2322 profugus
899 2244 1036 2323 liquisset
1059 2254 1089 2303 et
1111 2245 1206 2307 Euan.
1319 2281 1321 2286 -

265 2334 307 2392 sie
324 2354 361 2392 ex
377 2333 467 2392 Tollii
484 2341 513 2392 et
525 2333 698 2392 Baehrensii
714 2333 884 2392 coniectura
898 2353 979 2392 nuuc
994 2333 1116 2408 legitur.
1140 2334 1178 2392 In
1188 2333 1272 2392 libris
1285 2327 1383 2394 au'tem

265 2431 365 2482 exstat
384 2444 411 2486 v.
431 2425 507 2484 131:
531 2422 687 2506 Daphnes
710 2424 756 2488 aba.
804 2421 936 2482 Offendit
958 2425 989 2480 in
1014 2421 1236 2482 Baehrensiana
1255 2424 1383 2483 lectione

265 2533 341 2572 unus
371 2511 450 2592 quod
474 2513 566 2571 sciam
591 2511 829 2572 Sandstroemius
853 2513 886 2594 (l.
910 2513 929 2575 l.
953 2533 982 2592 p.
1011 2515 1064 2592 10)
1093 2522 1123 2572 et
1145 2520 1226 2572 reete
1249 2513 1381 2584 offendit,

265 2604 289 2661 si
314 2601 386 2682 quid
409 2604 441 2662 in
464 2622 511 2662 me
539 2600 641 2661 iudicii
670 2611 723 2664 est.
771 2602 892 2662 Nullius
924 2611 1024 2662 autem
1054 2604 1195 2662 momenti
1225 2612 1271 2661 est
1302 2602 1383 2682 quod

266 2691 421 2770 epitheton
447 2685 625 2777 ‘profupua'
652 2694 751 2770 aptius
774 2691 891 2751 Theseo
916 2690 980 2750 dari
1003 2694 1115 2755 statuit.
1162 2692 1239 2750 Nam
1263 2693 1287 2750 si
1311 2693 1384 2751 Bac·

266 2781 339 2840 chus
362 2782 517 2840 Ariadnen
540 2779 732 2852 deseruisset,
761 2783 831 2839 item
855 2781 1002 2858 profugus
1026 2782 1121 2840 factus
1145 2789 1232 2843 esset.
1278 2781 1385 2860 Neque

266 2870 322 2929 hoc
346 2869 421 2928 dixit
444 2869 504 2940 ille,
530 2871 587 2927 nisi
610 2878 644 2928 ut
660 2890 743 2928 suam
768 2871 967 2928 coniecturam
988 2868 1208 2930 commendaret
1227 2870 1321 2950 nobis,
1347 2871 1384 2930 ad

265 2980 328 3019 rem
351 2959 426 3018 nihil
449 2961 508 3018 ista
537 2959 704 3019 conserunt.
750 2957 810 3018 Sed
838 2958 894 3018 hoo
922 2961 1085 3019 rectissime
1114 2959 1234 3019 videtur
1265 2969 1384 3019 conten·

266 3047 342 3108 disse
366 3049 467 3108 sensui
491 3049 595 3107 obesse
618 3047 713 3107 verba
736 3067 839 3108 versus
864 3052 925 3110 132
950 3049 1120 3136 ζΤὴεεεαφη
1143 3051 1238 3117 iuxta
1263 3047 1383 3128 cubile’‚

266 3158 373 3218 nempe
406 3140 430 3196 si
462 3138 677 3197 Baehrensium
709 3139 872 3218 sequimur.
928 3136 1084 3213 Quomodo
1122 3141 1201 3199 enim
1232 3138 1385 3198 Ariadnen

264 3248 358 3308 prope
383 3227 515 3286 Theseos
545 3228 654 3287 lectum
686 3228 855 3307 conspicere
886 3231 983 3308 potuit
1011 3227 1169 3288 Bacchus?
1215 3227 1384 3287 Dicendum

264 3318 321 3376 tuit
344 3326 451 3398 poetae
475 3319 500 3374 si
524 3319 616 3377 totius
644 3318 701 3376 loci
730 3318 908 3377 sententiam
940 3328 1122 3397 spectamus,
1156 3317 1236 3376 hunc
1267 3316 1329 3376 fere
1352 3320 1384 3376 in

265 3405 398 3468 modum:
422 3405 560 3465 Theseus
584 3409 609 3465 si
623 3406 828 3467 Violentillam
849 3426 888 3465 ex
904 3405 993 3467 Orata
1013 3427 1113 3467 secum
1138 3405 1280 3479 duxisset,
1305 3407 1384 3466 hauc

267 3517 326 3555 non
338 3496 510 3575 sprevisset.
543 3499 643 3574 Atque
654 3495 893 3555 Sandstroemius
910 3496 1041 3576 quidem,
1058 3506 1092 3554 ut
1104 3507 1291 3575 expungeret
1303 3517 1384 3555 men-

269 3585 338 3644 dum
363 3582 442 3665 quod
466 3584 611 3644 hocloco
635 3586 727 3645 latere
750 3595 830 3645 recte
859 3587 1013 3662 cognovit,
1044 3607 1073 3646 v.
1106 3589 1167 3646 133
1196 3584 1384 3644 scribendum

266 3696 330 3754 asse
365 3675 492 3734 coniecit
528 3695 581 3753 pro
619 3678 786 3761 ‘prosaque
817 3671 988 3757 liquisset:
1024 3677 1168 3760 profupo
1203 3670 1381 3742 laudasset.

265 3765 376 3824 Sensus
400 3773 463 3823 tum
487 3765 625 3822 nimirum
649 3775 696 3823 est
720 3765 780 3826 hic:
810 3767 835 3823 si
859 3764 995 3823 Theseus
1019 3764 1219 3823 Violentillam
1243 3765 1383 3823 inlitora

265 3854 345 3912 Naxi
376 3852 566 3928 deseruisset,
600 3853 737 3913 Bacchus
768 3853 919 3913 laudasset
950 3853 1030 3934 quod
1053 3853 1105 3913 ille
1132 3853 1219 3930 fugit.
1243 3905 1245 3912 .
1267 3853 1383 3912 Tamen

266 3953 373 4022 poetae
397 3944 572 4002 sententiam
602 3945 721 4002 minime
745 3944 796 4001 ille
820 3951 973 4002 assecutus
997 3952 1049 4006 est.
1097 3944 1145 4001 An
1169 3942 1302 4002 Ariadne
1326 3941 1382 4000 deo

266 4053 325 4092 non
348 4032 484 4111 placuit?
530 4032 637 4091 Nonne
662 4035 750 4091 etiarn
767 4032 901 4092 Gnosida
918 4031 1063 4092 desertam
1080 4030 1216 4091 laudavit
1231 4030 1382 4112 profugo?

266 4121 468 4196 Quamobrem
493 4125 566 4200 quin
586 4122 750 4201 improbem
769 4121 982 4182 Sandstroemii
1006 4123 1176 4202 opinionem
1199 4123 1299 4180 lacere
1322 4140 1382 4179 non

266 4230 397 4292 possum.
422 4211 546 4270 Accedit
555 4211 636 4291 quod
648 4211 740 4270 multo
753 4211 932 4291 simpliciore
943 4210 1194 4294 medicinaLStatio
1203 4230 1290 4270 suum
1298 4209 1382 4269 reddi

265 4320 353 4381 posse
375 4299 447 4358 mihi
470 4319 645 4378 persuasum
669 4311 724 4362 est.
763 4301 926 4361 Videamus
941 4302 1035 4378 igitur
1050 4299 1189 4360 traditam
1212 4300 1380 4362 lectionem:

690 4392 721 4448 in
744 4390 830 4450 litore
852 4390 933 4450 Naxi
