3440 5096
802 459 1023 516 ...28-

446 639 497 697 54.
523 642 551 702 et
575 635 679 701 lustra
692 635 842 719 fuerumt,
867 655 947 717 petae
970 655 1061 702 nmmo
1084 635 1163 701 tecm
1186 635 1289 702 serbis:
1313 637 1354 696 sie
1370 635 1469 693 Matri·

355 725 448 784 tensis
482 724 562 784 hunc
593 742 711 784 versum
746 722 875 786 exhibet.
937 720 1114 782 Marklando
1147 743 1217 785 vero
1252 726 1350 785 arrisit
1383 724 1470 783 lectio

355 813 567 873 nonnullarum
592 812 751 872 editionum
773 821 914 892 quaeest
932 806 1034 897 ‘haec'
1053 813 1117 891 ipse
1135 808 1183 898 tat'
1202 813 1386 875 scribendum
1404 833 1469 872 cen-

357 904 426 966 suit.
471 903 617 963 Neutrum
649 902 769 981 probari
793 911 902 981 potest.
950 901 1166 961 Adversativae
1197 906 1274 962 enim
1305 902 1470 983 particulae

357 994 410 1072 qui
433 992 517 1053 loeus
543 1011 609 1052 esse
633 991 727 1070 possit
757 995 788 1052 in
819 993 1040 1052 enumeratione
1067 989 1114 1050 vel
1143 993 1240 1070 potius
1272 990 1471 1073 descriptione

355 1103 415 1141 non
446 1081 543 1145 video.
597 1082 642 1140 Ae
673 1099 711 1140 ne
744 1071 836 1164 ‘haec‘
871 1079 990 1160 quidem
1026 1077 1178 1138 commode
1209 1081 1352 1159 explicari
1384 1099 1469 1158 posse

357 1171 428 1230 mihi
452 1169 579 1233 videtur.
627 1170 677 1228 An
699 1169 812 1229 Pollius
843 1189 882 1228 ex
912 1169 1041 1228 ferarum
1074 1165 1228 1228 domiciliis
1260 1189 1342 1228 suam
1367 1171 1469 1229 villam

356 1259 526 1320 exstruxit?
549 1262 636 1318 immo
661 1279 719 1338 quo
744 1258 808 1318 loco
838 1258 953 1318 bestiae
975 1256 1193 1338 habitaverant,
1219 1277 1253 1316 eo
1276 1277 1355 1317 nunc
1378 1259 1470 1319 homi·

355 1371 425 1410 num
450 1359 528 1409 tecta
552 1349 728 1408 subeuntur.
769 1347 968 1422 Quamobrem
984 1345 1054 1407 vide
1077 1348 1155 1406 sitne
1178 1349 1377 1406 necessarium
1402 1351 1470 1408 scri·

356 1440 427 1498 bere
453 1435 530 1524 ‘qua'
556 1457 609 1517 pro
637 1431 743 1522 tquae';
770 1437 805 1499 cf.
830 1437 877 1495 hic
905 1437 957 1495 ubi
981 1457 1010 1499 v.
1038 1439 1088 1514 54,
1113 1435 1166 1495 ubi
1189 1436 1238 1496 bie
1261 1435 1288 1499 ¹v.
1315 1441 1365 1498 55.
1412 1437 1469 1497 Sed

356 1548 408 1606 pro
433 1538 513 1587 certe
536 1527 743 1586 emendatione
765 1525 839 1584 illud
865 1519 943 1608 ‘qua'
969 1525 1126 1586 venditare
1149 1526 1248 1588 nolim.

446 1619 496 1676 55.
522 1615 575 1683 eti
597 1635 688 1683 numo
710 1637 842 1682 memoro
857 1617 962 1682 ardeo
985 1615 1101 1688 rernm
1126 1616 1178 1682 hic
1200 1637 1258 1682 mec
1280 1622 1367 1682 terro
1388 1616 1470 1701 fuit:

356 1707 444 1766 etiam
468 1706 499 1764 in
523 1705 646 1785 Vopisci
670 1705 830 1764 Tiburtino
854 1703 1016 1764 admiratur
1039 1713 1128 1784 poeta
1151 1705 1241 1764 altam
1265 1706 1385 1765 silvamr
1410 1705 1468 1781 13,

356 1799 407 1856 38.
433 1814 488 1855 nec
504 1823 546 1846 =
570 1815 608 1853 ne
633 1829 674 1838 -
699 1793 833 1873 quidem:
858 1796 894 1856 ef.
921 1813 1000 1874 quae
1023 1794 1167 1855 Miillerus
1190 1793 1208 1856 l.
1231 1796 1251 1870 l.
1275 1815 1304 1874 p.
1332 1798 1371 1856 14
1399 1792 1468 1853 adn.
1509 1787 1512 1792 ’

355 1884 477 1962 collegit
499 1884 636 1963 exempla
659 1883 840 1947 huiususus.
864 1884 982 1959 Quibus
998 1883 1089 1943 adde:
1116 1883 1175 1956 14,
1190 1887 1241 1945 85.
1267 1883 1298 1942 ΙΙ
1323 1887 1350 1961 6,
1371 1888 1410 1945 21
1429 1882 1468 1948 el.

356 1975 401 2032 De
425 1976 544 2054 reipsa
568 1975 604 2035 et'.
637 1993 666 2039 v.
692 1975 743 2037 98.
769 1973 861 2052 Verg.
893 1978 966 2037 Aen.
990 1973 1038 2033 IX
1063 1974 1126 2034 710
1157 1993 1200 2053 sq.
1223 1972 1298 2032 Hor.
1331 1993 1409 2032 carm
1440 1973 1471 2032 ΙΙ

361 2067 410 2135 18,
426 2063 535 2126 29111
555 2069 581 2137 1,
597 2066 637 2124 33
662 2083 705 2143 sq.
730 2067 781 2137 24,
797 2068 826 2126 3.
849 2065 933 2141 epist.
960 2068 1010 2136 11,
1029 2063 1069 2123 83
1093 2083 1137 2142 sq.
1155 2062 1224 2124 Seu.
1250 2063 1327 2143 epist
1352 2065 1403 2137 89,
1422 2065 1471 2124 20.

286 2196 292 2208 .
355 2153 438 2212 Rutil
474 2152 642 2221 Namat.1‚
670 2157 741 2214 529.
788 2150 1075 2211 Friedlttnderhist.
1101 2148 1311 2231 1n01·.111⁶p.
1337 2156 1388 2212 91.

445 2243 494 2304 57.
533 2245 725 2327 formantem
758 2263 854 2325 serpes
883 2247 1179 2326 cnpmpnumtemqmc
1213 2248 1319 2308 secute
1354 2241 1473 2326 putidet

354 2333 486 2398 letemus:
508 2330 611 2391 eadem
632 2331 811 2390 constructio
831 2331 916 2390 verbi
939 2328 1091 2407 gaudendi
1112 2331 1231 2388 obviam
1255 2330 1470 2409 fit13‚55sq.

356 2441 444 2501 quem
472 2420 569 2480 locum
600 2421 678 2479 male
708 2421 835 2479 tentavit
858 2418 1064 2482 Marklandus.
1109 2419 1252 2478 Formare
1283 2438 1372 2498 rupes
1402 2418 1472 2492 quid

357 2519 444 2582 esset,
477 2511 598 2569 minime
620 2509 772 2589 perspexit
802 2508 956 2586 Beraldus,
989 2509 1042 2588 qui
1070 2507 1245 2568 formantem
1270 2507 1388 2566 dantem
1412 2509 1471 2566 for·
1541 2535 1544 2540 ·

357 2621 435 2660 mam
459 2599 564 2659 domus
587 2601 805 2678 interpretatus
830 2613 883 2659 eet.
913 2599 1016 2677 Rupes
1039 2607 1140 2657 autem
1163 2598 1290 2657 formare
1315 2597 1473 2675 opponitur

357 2690 404 2771 τῷ
429 2709 606 2769 expugnare
629 2708 733 2767 rupes:
768 2688 820 2746 ubi
843 2707 934 2766 rupes
959 2698 1052 2767 erant,
1085 2706 1135 2746 eas
1159 2685 1273 2746 Pollius
1295 2696 1472 2760 removerat,

358 2779 410 2840 ubi
428 2799 486 2838 non
513 2789 606 2858 erant,
633 2786 831 2838 exstruxerat.

448 2872 498 2930 59.
523 2866 745 2951 imitantesque
774 2867 903 2933 domme:
926 2866 1031 2926 domus
1055 2886 1128 2927 saxa
1159 2885 1305 2947 occupare
1334 2863 1474 2924 dicuntur

357 2977 491 3038 saxaque
515 2955 643 3037 quodam
667 2954 753 3015 modo
777 2957 908 3017 subeunt
931 2955 1040 3016 domos.
1087 2957 1136 3017 Sic
1160 2958 1263 3033 iugum
1288 2953 1412 3015 diseunt.

446 3049 498 3109 60.
522 3048 586 3114 iam
606 3045 821 3122 Methymnaei
836 3047 919 3113 eatis
933 3067 1053 3113 memus
1069 3053 1098 3114 et
1121 3046 1225 3130 chelys
1247 3065 1317 3112 mmo
1338 3043 1475 3111 Thebais

357 3143 386 3202 ei
417 3136 518 3210 Getice
549 3137 636 3202 cedat
667 3137 724 3202 1111
751 3135 858 3220 9101111
883 3137 1007 3214 eleum.
1061 3137 1288 3214 Methymnaeus
1320 3150 1401 3192 vates
1429 3147 1474 3192 est

357 3228 494 3285 nimirum
512 3227 619 3285 Arion:
645 3225 680 3284 ei.
698 3223 781 3284 Suid.
805 3245 828 3285 s.
849 3246 878 3287 v.
894 3219 1010 3303 Ἀρίων
1026 3230 1235 3303 Μηθυμναῖος
1258 3221 1384 3302 λυρικός
1406 3228 1472 3285 κτλ.

358 3317 435 3374 Mart
459 3315 534 3376 VIII
559 3318 609 3386 51,
631 3315 685 3376 15:
718 3313 928 3394 Methymnaeo
953 3320 1076 3393 gavisus
1100 3315 1212 3374 Arione
1236 3313 1368 3394 delphin.
1416 3311 1473 3374 Ov.

358 3405 423 3465 fast.
449 3406 479 3465 II
510 3408 562 3466 82.
610 3403 765 3462 Laudatur
795 3415 894 3462 autern
926 3414 1047 3483 propter
1085 3403 1240 3483 delphinos
1264 3402 1402 3464 domitos:
1435 3403 1473 3470 cf,

357 3492 411 3554 Ov.
436 3493 455 3555 l.
481 3493 499 3556 l.
523 3515 552 3555 v.
580 3495 619 3553 79
648 3513 693 3573 sq.
727 3529 749 3539 ·-
801 3493 901 3572 chelys
931 3493 1063 3554 Thebais
1095 3494 1246 3571 significat
1276 3493 1473 3571 Amphionem

358 3583 406 3641 eui
429 3584 548 3642 canenti
572 3603 646 3642 saxa
673 3582 916 3661 obsequebantur
939 3594 972 3641 ut
996 3585 1080 3643 aiunt
1104 3583 1141 3643 ad
1165 3583 1284 3642 moenia
1299 3581 1474 3641 Thebarum

359 3671 548 3734 exstruenda.
596 3671 765 3730 'l'ritissima
787 3672 891 3730 fabula
914 3673 1024 3751 poetis:
1050 3673 1123 3732 Hor.
1156 3693 1204 3732 ars
1235 3681 1314 3751 poet.
1340 3672 1403 3731 394
1428 3690 1473 3751 sq.

358 3762 445 3841 Prop.
472 3763 606 3836 19,10.
655 3759 951 3824 Ov.ars111323.
997 3761 1070 3823 Stat.
1103 3761 1168 3824 silv.
1199 3763 1245 3821 lll
1272 3765 1366 3832 mle.
1401 3764 1473 3824 145.

357 3849 405 3912 III
430 3855 459 3930 2,
474 3854 525 3914 41.
573 3850 671 3911 Theb.
697 3848 784 3911 110.
809 3852 840 3910 II
864 3853 938 3913 455.
963 3860 1019 3917 etc,
1055 3851 1153 3932 Apoll.
1170 3849 1229 3911 Sid.
1255 3869 1333 3907 carm
1357 3854 1385 3931 9,
1399 3853 1473 3912 286.

360 3944 500 4014 23,120.
541 3938 645 4003 Claud.
669 3938 706 3998 de
730 3960 810 4006 cous,
834 3938 899 4002 Stil.
930 3935 1058 4020 11‚170'.
1084 3951 1138 4002 etc.
1164 3949 1219 4003 ete.
1243 3973 1285 3984 -
1310 3938 1367 3998 Pro
1393 3935 1471 4023 ‘una’

358 4030 416 4098 illa
439 4028 642 4102 Marklandus,
668 4031 730 4096 mmt'
746 4027 930 4090 Schraderus
951 4032 1118 4090 coniecere:
1143 4039 1248 4090 neuter·
1264 4029 1369 4108 opinor
1392 4031 1474 4109 ‘uua'

359 4128 439 4180 recte
456 4121 581 4199 accepit.
610 4120 667 4179 hist
683 4120 761 4177 enim
778 4118 963 4198 adverbium,
981 4118 1062 4199 quod
1078 4116 1288 4200 Skutschius1)
1305 4120 1474 4195 nuperrime

359 4210 484 4272 notavit.
503 4245 543 4256 --
562 4208 664 4274 Getici
682 4208 796 4288 plectri
819 4209 938 4294 pluria:
960 4229 1007 4269 ree
1031 4217 1076 4268 est
1100 4207 1274 4267 omnimodis
1299 4207 1471 4272 decantata:

360 4335 555 4344 „—-—.-....—-.-

449 4403 469 4470 ξ)
489 4400 660 4456 Fleckeiseni
678 4415 740 4456 ann.
761 4399 887 4456 cxnvn
906 4401 998 4471 (1893)
1016 4417 1042 4470 p.
1061 4400 1122 4455 829.
