3440 5096
811 439 1030 498 ‚22-

362 611 475 702 qnies'.
513 617 630 677 Tamen
656 617 771 677 cautius
799 637 865 677 oum
883 616 1117 697 Wakefieldi01)
1143 631 1216 700 puto
1233 624 1479 702 interpungemus

361 713 430 765 ante
457 703 576 791 ‘pelagi‘
609 726 711 767 voeem
735 707 777 765 ita
800 718 833 765 ut
861 709 1021 783 genetivus
1046 708 1166 790 ‘palagi'
1192 712 1324 791 pendeat
1347 733 1385 772 ex
1407 734 1480 773 voce
1559 771 1564 781 ,

363 791 524 880 ιιιοᾳιιοηιῖ
585 795 662 855 Nam
698 797 797 855 saevis
829 796 968 856 fluctibns
1001 817 1061 855 non
1091 796 1169 858 bene
1201 801 1319 862 obstare
1350 804 1479 882 quietem

359 885 461 952 maris
484 886 595 965 optime
620 884 818 945 Marklandus
841 887 941 949 sensit.
980 887 1080 966 Atque
1099 887 1209 969 ‘pelagi
1233 889 1374 970 aequora'
1401 892 1481 952 haud

361 975 448 1034 aliter
471 974 550 1034 dieta
583 985 653 1034 sunt
684 983 776 1054 atque
808 995 948 1060 ‘aequora
979 973 1082 1054 ponti'.
1128 976 1217 1034 Lucr.
1242 979 1257 1036 I
1283 985 1311 1042 8.
1335 980 1380 1039 IV
1406 985 1478 1046 412.

360 1063 415 1128 Ov.
439 1073 508 1128 met.
532 1065 563 1124 ΙΙ
592 1065 665 1124 872.
694 1065 786 1142 Verg.
811 1084 916 1142 georg.
939 1066 954 1123 I
979 1066 1040 1125 469
1072 1064 1120 1126 vel
1145 1063 1267 1145 (Oceani
1291 1065 1413 1149 aequor’
1439 1073 1479 1134 ib.

360 1175 388 1216 r.
416 1155 488 1215 246.
514 1153 562 1212 vel
592 1154 690 1236 ‘maris
715 1150 837 1233 aequor'
872 1153 964 1230 Verg.
990 1154 1064 1213 Aen.
1098 1153 1129 1212 11
1155 1155 1227 1215 780.
1286 1157 1357 1219 Hor.
1390 1180 1478 1222 earm.

360 1243 403 1304 IV
429 1244 514 1318 5,10.

452 1336 504 1393 26.
524 1332 631 1417 pelopi
655 1339 781 1416 pouout
796 1333 849 1398 lu'o
865 1331 949 1398 lasso
965 1335 1109 1416 furorem
1129 1353 1285 1416 aequora:
1308 1335 1339 1392 in
1363 1335 1479 1413 placido

359 1423 410 1481 illo
441 1441 560 1480 recessu
595 1418 647 1503 (ef.
680 1442 709 1481 v.
745 1417 799 1502 13)
833 1441 892 1479 non
927 1421 1031 1480 furunt
1061 1420 1175 1496 undae,
1211 1421 1262 1482 sed
1299 1426 1479 1503 compositae

360 1512 502 1659 etHlanes
539 1509 576 1568 ad
608 1531 688 1570 oram
720 1510 902 1571 allabuntur.
934 1511 1032 1569 insani
1065 1546 1102 1556 -
1136 1513 1230 1571 austri
1261 1513 1296 1573 of.
1325 1511 1380 1576 Ov.
1410 1527 1478 1578 met.

359 1601 388 1659 X
422 1651 428 1680 ,
454 1602 529 1661 510.

450 1693 500 1752 28.
533 1690 585 1756 lu'o
615 1711 762 1774 praeceps
792 1690 903 1755 miuus
934 1689 1030 1757 audet
1061 1690 1176 1756 hiems:
1210 1690 1318 1771 rapida
1350 1693 1477 1768 procella

362 1780 558 1858 componitur.
606 1779 754 1858 Praeceps
777 1790 824 1837 sat
846 1781 988 1839 usitatum
1011 1781 1094 1839 venti
1124 1780 1277 1859 epitheton
1301 1792 1360 1840 est:
1391 1783 1426 1844 cf.
1452 1803 1477 1845 e.
1537 1787 1540 1794 ’

362 1891 395 1947 g.
420 1866 475 1931 Ov.
499 1869 561 1930 her.
591 1872 639 1947 10,
666 1870 717 1929 30.
742 1867 817 1930 Stat.
842 1869 939 1932 Theb.
965 1870 995 1929 ΙΙ
1023 1873 1093 1930 194.
1118 1869 1145 1928 V
1171 1873 1243 1933 410.

450 1959 601 2043 nulloque
642 1955 782 2025 tumultu
826 1965 940 2043 stoque
978 1959 1116 2027 modesto
1159 1959 1263 2028 iooeut
1297 1962 1480 2045 dour-luique

359 2049 526 2115 imitantia
548 2070 667 2116 mores:
693 2059 800 2120 stagna
823 2060 903 2113 reete
920 2047 1014 2108 editor
1031 2049 1164 2108 Venetus
1190 2051 1401 2126 interpretatus
1425 2061 1477 2112 est.

360 2143 501 2218 Aequora
533 2147 592 2196 tam
626 2136 773 2212 modesta,
807 2148 866 2196 tam
901 2137 1063 2217 tranquilla
1087 2147 1165 2210 sunt,
1197 2149 1230 2197 ut
1253 2151 1362 2218 stagna
1385 2141 1481 2201 videri

360 2229 474 2307 possint
506 2225 678 2307 dominique
708 2228 862 2287 imitantur
894 2247 990 2286 mores
1015 2247 1081 2286 oum
1104 2225 1223 2306 placida
1255 2239 1284 2288 et
1317 2230 1481 2311 tranquilla

359 2318 433 2376 sint:
458 2317 494 2377 ef.
519 2338 548 2388 v,
575 2322 603 2377 9.

449 2407 499 2471 30.
523 2407 598 2473 iudo
620 2428 677 2490 per
693 2407 834 2490 obliquos
857 2407 956 2490 erepit
976 2406 1119 2489 porticus
1135 2426 1239 2472 oreos:
1259 2404 1360 2491 ‘arces'
1379 2409 1477 2467 Mark-

361 2494 468 2556 landus
496 2497 709 2575 interpretatus
733 2508 778 2556 est
804 2489 910 2579 ‘rupes’
936 2495 972 2558 ol.
997 2495 1065 2558 Val.
1089 2494 1188 2555 Flaoo.
1214 2495 1269 2566 ΙΙΙ,
1304 2501 1376 2558 565.
1425 2499 1479 2555 At·

284 2581 297 2598 '
361 2605 420 2666 que
460 2586 537 2644 hane
575 2586 725 2646 notionem
758 2587 856 2645 inesse
897 2604 985 2663 posse
1016 2586 1047 2643 in
1078 2603 1150 2644 voce
1192 2580 1263 2669 ‘arx’
1293 2584 1380 2644 facile
1413 2604 1479 2645 oon·

363 2673 443 2738 cedo.
490 2673 548 2733 Sed
580 2674 616 2734 de
648 2675 779 2754 epitheto
815 2663 972 2760 ‘obliquus‘
1006 2672 1170 2736 videamus.
1223 2674 1308 2734 Mons
1340 2672 1479 2753 obliquus

362 2764 470 2824 dieitur
494 2763 574 2844 apud
590 2765 709 2824 Livium
726 2763 794 2844 Vll,
823 2769 877 2825 15:
905 2761 1037 2846 ‘tendere
1061 2761 1183 2843 obliquo
1200 2771 1299 2823 monte
1321 2762 1359 2822 ad
1383 2772 1479 2825 eastra

362 2853 514 2914 Gallorum
538 2855 595 2913 risi
623 2848 711 2918 sunt.‘
761 2853 961 2915 Consimiliter
992 2865 1151 2912 occurrunt
1182 2853 1271 2912 eolles
1300 2852 1413 2932 obliqui
1437 2853 1477 2916 ib.

361 2942 543 3022 XXXVIII,
563 2945 614 3006 22.
641 2942 699 3003 Sed
717 2945 813 3004 lenem
840 2943 1013 3003 descensum
1037 2942 1079 3001 ibi
1102 2941 1215 3002 indioat
1230 2963 1290 3002 vox
1309 2938 1477 3025 (obliquus’.

365 3033 451 3108 Quae
476 3034 556 3091 notio
581 3053 647 3092 eum
672 3055 690 3091 a
705 3034 793 3093 Statii
816 3033 880 3092 loco
905 3031 1073 3110 abhorreat,
1098 3032 1345 3111 verissimemihi
1360 3031 1479 3091 videtur

365 3121 520 3181 Krohnius
547 3141 609 3206 (per
641 3123 778 3202 obliquas
809 3118 897 3182 artes'
922 3123 1123 3202 proposuisse,
1148 3142 1208 3201 qua
1232 3124 1400 3182 coniectura
1424 3123 1479 3180 toti

365 3213 429 3272 loco
453 3211 506 3272 lux
530 3212 662 3274 affertur.
710 3211 860 3291 Obliquas
884 3213 960 3271 enim
990 3221 1068 3270 artes
1092 3221 1227 3290 spectant
1257 3211 1294 3270 ad
1318 3213 1397 3271 viam
1421 3221 1480 3270 tor·

368 3313 451 3360 tuose
474 3309 650 3381 serpentem,
683 3303 800 3380 qualem
834 3320 986 3361 ascensum
1010 3301 1103 3361 luisse
1126 3303 1190 3360 veri
1213 3312 1258 3362 est
1280 3301 1383 3362 simile.
1432 3299 1480 3359 Ad

363 3410 453 3470 quam
487 3411 549 3450 rem
582 3392 692 3470 optime
724 3389 852 3471 quadrat
883 3390 1007 3450 verbum
1032 3389 1183 3471 arapendi.
1231 3395 1332 3471 Atque
1355 3392 1479 3451 mutatio

365 3480 428 3538 fere
453 3480 536 3539 nulla
560 3489 606 3540 est
628 3481 659 3540 in
683 3490 767 3539 tanta
790 3480 955 3540 litterarum
972 3500 988 3538 o
1003 3490 1034 3539 et
1057 3489 1069 3537 t
1091 3482 1234 3561 imprimis
1259 3483 1288 3540 in
1314 3480 1479 3540 Matritensi

362 3567 563 3631 similitudine.

453 3661 505 3720 31.
536 3658 630 3726 Urbis
653 3677 748 3743 opus:
771 3680 872 3719 varam
903 3679 967 3719 esse
991 3658 1089 3719 iudioo
1114 3681 1178 3720 eam
1202 3661 1479 3739 interpretationem

365 3767 454 3829 quam
479 3747 620 3808 Barthius
644 3749 736 3821 altero
760 3749 825 3808 loeo
850 3751 1016 3828 proposuit:
1041 3769 1116 3830 opus
1139 3749 1263 3824 dignum
1287 3751 1352 3829 ipsa
1376 3749 1479 3812 Roma.

456 3838 608 3924 loupoque
631 3840 736 3906 domat
759 3861 840 3906 suoru
863 3861 977 3922 aspero
1000 3840 1092 3906 dorso
1116 3839 1151 3901 cl.
1175 3839 1222 3899 ΙΙΙ
1248 3844 1279 3921 1,
1306 3841 1363 3901 97:
1389 3839 1479 3916 longo

366 3938 400 3987 tu
428 3929 544 3987 tramite
567 3927 663 3988 nudos
688 3929 787 3988 texisti
813 3929 950 4008 scopulos
973 3929 1131 4009 fueratque
1147 3927 1199 3989 ubi
1222 3929 1326 3988 semita
1350 3937 1478 4008 tantum,

365 4038 446 4078 nuno
469 4017 524 4076 tibi
548 4015 693 4077 distinctis
713 4027 772 4077 stat
788 4019 920 4097 portione
944 4019 1006 4078 alta
1030 4019 1181 4091 columnis,
1199 4039 1236 4078 ne
1259 4020 1392 4078 sorderet
1415 4021 1478 4078 iter.

454 4108 504 4167 32·
531 4129 595 4190 quo
615 4109 710 4191 prius
734 4109 862 4176 obscuro
880 4109 1036 4192 permisti
1063 4109 1191 4192 puluere
1213 4109 1308 4174 soles:
1330 4109 1478 4169 Baehren-

364 4197 425 4257 sius
448 4196 505 4255 hoo
535 4197 599 4255 loeo
631 4197 709 4257 male
742 4199 887 4274 cogitavit
917 4197 954 4256 de
989 4194 1146 4284 ‘obscenoss
1192 4195 1251 4256 Sed
1282 4197 1407 4275 probum
1435 4207 1480 4258 est

455 4389 475 4461 ¹)
495 4389 544 4445 sis.
564 4388 625 4446 aru.
645 4388 677 4444 v.
697 4407 723 4459 p,
743 4391 784 4444 aa.
