3440 5096
819 473 1040 532 -46-

369 659 562 732 praeceptum
587 658 642 734 est,
667 657 700 710 ut
716 667 838 710 securus
861 650 900 710 sit
923 651 1052 731 sapiens.
1070 649 1107 710 cl.
1132 672 1161 715 v.
1188 655 1239 717 71.
1260 657 1331 716 143.
1357 651 1488 716 Certissi-

367 760 445 800 mam
468 741 562 818 igitur
584 739 684 800 iudico
702 738 832 800 Krohnii
855 740 1107 803 emendationem:
1133 764 1214 810 ostra
1230 761 1309 823 quae
1324 745 1490 804 mutatione

366 849 427 890 non
450 831 493 889 ita
516 831 604 909 gravi
628 829 774 890 alitteris
799 827 915 889 traditis
939 833 1081 893 nascitur.

459 923 531 982 126.
557 927 718 1005 exemptus
732 919 812 1005 fotis
832 919 1116 1006 iodiprtooteche
1139 923 1287 1007 refellens
1306 926 1488 1009 fortunam:

367 1009 404 1072 cf.
433 1008 465 1070 11
492 1015 520 1091 1,
539 1013 616 1072 222:
646 1011 784 1069 immunis
814 1010 894 1072 fatis.
941 1011 1089 1071 Futurum
1123 1008 1258 1095 trel'olles'
1287 1011 1372 1076 nullo
1403 1012 1489 1074 modo

367 1109 467 1179 potest
502 1100 656 1176 explicari.
701 1097 778 1158 Nam
813 1099 861 1158 fao
897 1102 1085 1162 enuntiatum
1116 1098 1155 1158 ad
1186 1120 1222 1159 oa
1257 1102 1396 1184 exempla
1427 1123 1490 1164 esse

368 1191 562 1271 compositum
579 1207 657 1269 quae
670 1187 815 1249 Miillerus
833 1188 864 1264 (1.
879 1188 897 1251 l.
909 1210 940 1268 p.
956 1193 1007 1270 57)
1022 1191 1185 1268 congessit:
1204 1192 1406 1270 supplendum
1418 1194 1489 1259 erit:

368 1289 525 1359 exemptus
541 1279 611 1337 fatis
624 1278 779 1358 <eris>‚
794 1275 846 1338 sed
859 1279 914 1339 hoc
938 1299 954 1339 e
977 1289 1084 1359 poetae
1108 1281 1206 1338 animo
1229 1291 1360 1343 nonest.
1395 1283 1490 1342 Immo

367 1369 560 1448 adpraesens
583 1378 701 1446 tempus
724 1366 882 1427 referenda
905 1377 950 1427 est
973 1369 1122 1447 exemptio
1138 1368 1202 1432 fati.
1250 1368 1336 1444 Quae
1358 1390 1425 1429 oum
1449 1373 1492 1430 ita

368 1461 428 1518 sint
451 1467 504 1516 aut
528 1476 594 1517 cum
618 1455 766 1516 Politiano
792 1452 923 1538 ‘refellis'
941 1457 1132 1515 scribendum
1156 1469 1202 1516 est
1224 1471 1277 1517 aut
1292 1457 1490 1519 Marklandus

367 1545 536 1607 audiendus
559 1545 612 1625 qui
631 1541 786 1630 ‘refellens'
804 1543 906 1605 edidit.
937 1547 1038 1623 Atque
1053 1544 1143 1605 huius
1160 1548 1329 1606 coniectura
1345 1557 1380 1606 ut
1394 1547 1490 1606 lenior

366 1638 409 1695 ita
441 1634 626 1716 probabilior
657 1643 709 1694 est.
757 1633 851 1692 Plane
882 1645 982 1692 autem
1014 1653 1240 1714 supervacanea
1272 1649 1316 1695 est
1346 1635 1489 1696 Italorum

369 1726 551 1798 coniectura,
581 1743 659 1803 quae
682 1721 858 1782 Baehrensii
888 1721 1026 1804 plausum
1058 1722 1141 1783 tulit:
1171 1723 1301 1804 repellis.
1335 1725 1371 1786 cf.
1403 1724 1485 1803 Epic.

366 1815 403 1875 fr.
437 1818 514 1875 584:
544 1811 623 1889 τύχῃ
647 1833 679 1873 τε
704 1807 775 1890 (τὸν
798 1807 901 1889 σοφὸν
936 1810 1106 1895 Ἐπικούρῳ
1138 1813 1237 1893 donst)
1262 1807 1488 1894 ἀντιτάξεσθαι,

367 1907 462 1983 φίλην
486 1899 545 1981 γὰρ
562 1898 676 1964 οὐδένα
692 1897 865 1980 κτήσεσθαι.
899 1902 956 1963 Sed
972 1902 1055 1963 aliud
1075 1912 1120 1962 est
1143 1900 1221 1980 τύχῃ
1242 1899 1488 1977 ἀντιτάττεσθαι,

367 1995 450 2055 aliud
474 1995 623 2053 fortunam
647 1993 802 2073 repellere.
849 1993 958 2073 Neque
984 1993 1042 2052 hac
1070 1995 1241 2054 coniectura
1268 2002 1391 2073 recepta
1418 1991 1490 2072 quid

368 2086 424 2144 sibi
448 2084 521 2143 velit
550 2082 703 2163 epitheton
735 2078 918 2166 ‘indignans‘
945 2085 1054 2144 elucet.
1102 2082 1213 2144 Contra
1247 2082 1385 2142 refellere
1408 2081 1437 2143 h.
1463 2101 1489 2140 s.

368 2173 551 2251 redarguere
582 2174 692 2253 optime
717 2171 860 2252 quadratr
885 2192 946 2233 non
969 2173 1120 2232 faventem
1145 2173 1308 2232 Fortunam
1331 2171 1490 2231 refutavitr

368 2263 480 2323 nullam
503 2265 534 2322 in
558 2264 715 2342 sapienter
738 2263 799 2321 vim
823 2281 887 2322 esse
908 2262 1076 2324 Fortunae:
1102 2259 1177 2344 (Cic.
1195 2261 1286 2322 Tusc.
1309 2261 1358 2321 111
1381 2258 1446 2343 49.)

460 2356 532 2415 127.
564 2353 697 2419 dubiam
727 2373 818 2434 quem
852 2371 921 2417 ooo
951 2351 989 2419 to
1024 2352 1152 2419 turbiue
1182 2372 1293 2418 rerum
1323 2350 1492 2435 deprendet
1605 2381 1607 2386 ·

367 2463 517 2528 suprema
548 2442 631 2508 dies:
660 2441 755 2507 dublo
784 2439 927 2501 traditum
958 2450 1015 2503 est.
1060 2440 1256 2500 Marklandus
1283 2441 1381 2502 locum
1410 2459 1490 2500 men·

369 2534 472 2592 dosunt
508 2551 572 2592 asse
606 2532 768 2592 contendit.
824 2531 981 2590 Manifesto
1013 2530 1091 2590 enim
1127 2529 1242 2608 aliquid
1278 2529 1380 2590 deesse
1412 2527 1491 2609 quod

368 2619 565 2703 responderet
588 2621 701 2680 notioni
727 2620 821 2702 ‘abire
843 2613 1002 2699 paratum'.
1044 2619 1190 2686 Dubium
1214 2619 1307 2696 igitur
1329 2619 1491 2696 legendum

370 2732 441 2773 esse.
488 2713 591 2791 Atque
614 2708 797 2770 llaehrensio
821 2709 941 2790 quidem
973 2711 1131 2789 persuasit.
1178 2709 1292 2769 Tamen
1323 2709 1491 2768 accuratius

368 2821 430 2862 rem
454 2804 626 2860 examinare
648 2819 709 2859 non
731 2799 858 2861 vetabis.
898 2797 1033 2860 Secernit
1055 2807 1154 2860 autem
1170 2807 1261 2880 poeta
1284 2817 1335 2858 eos
1359 2799 1410 2877 qui
1435 2796 1491 2857 sub

254 2941 256 2946 .
369 2897 448 2951 vitae
464 2890 552 2950 finem
570 2886 621 2972 (of.
639 2889 670 2949 11
696 2895 724 2964 1,
749 2892 827 2969 224)
852 2888 936 2950 dubii
952 2899 982 2949 et
1005 2888 1114 2970 trepidi
1130 2899 1198 2949 sunt
1214 2899 1308 2969 atque
1331 2886 1493 2967 desperant

369 2981 408 3040 ab
432 2981 485 3052 eis,
510 2982 562 3059 qui
586 2979 670 3038 abire
693 2982 791 3059 parati
814 2993 883 3039 sunt
907 2995 937 3038 et
964 2979 1047 3059 pleni
1069 2980 1142 3042 rita.
1188 2979 1296 3059 ltaque
1323 2979 1348 3038 ai
1376 2979 1408 3036 in
1431 2989 1491 3037 tur·

371 3069 439 3130 bine
462 3069 614 3129 hominum
639 3067 763 3130 dixisset
786 3081 885 3148 poeta,
911 3068 940 3132 h.
967 3089 993 3132 e.
1018 3070 1096 3130 inter
1119 3068 1254 3129 homines
1278 3067 1423 3141 turbatos,
1448 3067 1493 3126 ni·

370 3160 412 3218 hil
436 3171 514 3220 esset
538 3158 717 3221 offensionis.
758 3157 831 3218 Cum
856 3159 982 3217 veroin
1011 3159 1131 3218 turbine
1154 3178 1252 3218 rerum
1277 3156 1395 3230 dixerit,
1419 3157 1448 3220 h.
1464 3177 1491 3220 e.

369 3250 401 3309 in
424 3249 546 3308 interitu
569 3246 681 3322 mundi,
706 3267 766 3307 non
777 3258 878 3329 potest
901 3267 966 3306 esse
983 3246 1117 3323 dubium,
1143 3249 1215 3327 quin
1239 3257 1348 3330 poetae
1371 3267 1492 3307 manum

370 3340 521 3399 invenerit
543 3335 748 3399 Marklaudus.
793 3337 908 3397 Pollius
936 3338 1029 3415 igitur
1053 3348 1160 3398 estex
1184 3339 1227 3397 eis
1251 3358 1326 3418 quoe
1349 3337 1492 3397 Horatius

371 3428 511 3490 describit
535 3448 614 3488 carm
637 3426 683 3487 lll
713 3432 742 3497 6,
770 3433 801 3487 1:
830 3428 864 3512 ‘si
887 3427 999 3488 fractus
1030 3427 1172 3486 illabatur
1200 3427 1281 3488 orbis
1308 3426 1492 3507 impavidum

370 3518 478 3578 ferient
499 3509 626 3580 ruinae’.

464 3610 535 3668 125.
564 3609 618 3673 sed
648 3607 735 3673 abire
759 3613 915 3690 paratum
943 3628 980 3674 cc
1006 3607 1142 3692 plectum
1172 3609 1254 3675 vito:
1284 3606 1417 3666 imitatus
1448 3615 1494 3665 est

370 3697 556 3758 Lucretium:
581 3697 627 3756 111
659 3701 738 3757 936:
764 3716 816 3756 cur
847 3717 907 3757 non
937 3710 972 3757 ut
995 3699 1100 3774 plenus
1124 3699 1204 3758 vitae
1228 3697 1357 3757 conviva
1380 3693 1494 3756 recedis

371 3798 427 3848 etc.
453 3786 489 3848 ci.
514 3785 624 3861 Luehr,
649 3787 669 3849 l.
694 3786 714 3848 l.
739 3807 768 3866 p.
795 3788 824 3848 3.

463 3880 535 3938 129.
560 3897 629 3957 σοι,
653 3875 728 3943 vilis
750 3877 854 3948 torto,
878 3877 1009 3944 caducas
1024 3878 1182 3944 deservire
1198 3877 1289 3944 bottis
1312 3896 1494 3962 semperque

372 3973 480 4051 optare
501 3967 624 4050 paratu
648 3966 685 4029 cs.
708 3968 739 4026 ΙΙ
767 3971 794 4045 1,
821 3968 883 4027 223
908 3987 952 4046 sq.

465 4059 535 4119 131.
559 4058 640 4123 celsa
663 4063 700 4122 tto
722 4058 838 4123 meotis
861 4058 899 4124 ob
922 4078 995 4124 arce
1012 4056 1147 4140 despicis
1170 4062 1328 4124 urentes:
1355 4076 1408 4116 arx
1433 4075 1493 4137 qua

337 4141 340 4149 ’
372 4167 404 4207 se
435 4156 538 4206 tuetur
569 4145 683 4206 Pollius
713 4162 813 4206 noster
844 4159 889 4206 est
918 4146 1108 4225 philosophia
1139 4146 1300 4226 Epicurea:
1334 4146 1371 4210 ol.
1404 4147 1492 4206 Luor.

371 4236 403 4296 II
430 4238 461 4298 7:
485 4236 527 4295 nil
552 4217 667 4296 duliius
690 4245 749 4318 est,
775 4235 852 4296 bene
877 4254 966 4316 quarn
990 4235 1105 4295 munita
1128 4245 1230 4295 tenere
1253 4235 1335 4296 edita
1359 4234 1494 4296 doctrine

372 4327 540 4406 sapientum
571 4326 683 4407 templa
712 4345 832 4409 serene,
864 4324 1017 4406 despicere
1048 4323 1129 4387 undo
1160 4344 1254 4407 queas
1277 4326 1350 4388 alios
1372 4326 1493 4406 passim·

373 4436 434 4499 que
455 4415 559 4478 videre
582 4435 681 4478 errare
705 4425 797 4498 atque
819 4417 899 4476 viam
922 4415 1054 4498 palantis
1077 4435 1222 4498 quaerere
1244 4417 1334 4482 vitae.
