3440 5096
593 1439 876 1560 Auctoris
914 1439 1064 1560 vita.

355 1723 452 1782 Natus
476 1742 541 1781 sum
565 1721 739 1781 Altredus
761 1721 870 1780 Klotz
893 1721 1042 1781 Zittaviae
1064 1722 1096 1780 in
1119 1719 1229 1801 oppido
1244 1722 1387 1782 Lutatiae

274 1833 300 1875 a.
324 1811 353 1874 d.
376 1811 478 1873 XVII.
502 1811 570 1870 Kal.
588 1811 644 1873 Iul.
668 1811 740 1868 anni
763 1810 793 1871 h.
818 1830 841 1872 a.
866 1811 907 1871 74
932 1820 1017 1891 patre
1040 1810 1210 1893 Ricardo‚
1234 1830 1323 1891 quem
1346 1811 1386 1870 ab

269 1901 339 1960 hiuc
362 1911 492 1980 quatuor
514 1919 608 1958 annos
632 1899 798 1958 acerbitate
821 1899 876 1957 fati
896 1899 969 1958 mihi
992 1908 1184 1979 praereptum
1208 1919 1273 1960 esse
1298 1899 1387 1960 valde

269 1989 365 2062 doleo,
389 2001 483 2048 matre
507 1988 648 2047 Helena
672 2007 688 2047 e
711 1998 803 2065 gente
826 1987 968 2066 Scherell‚
993 2007 1083 2067 quam
1108 1990 1297 2066 superstitem
1321 2008 1386 2048 esse

273 2098 386 2137 summo
410 2077 482 2136 mihi
505 2087 551 2137 est
573 2076 694 2154 gaudio.
739 2075 841 2160 Eidem
865 2077 1006 2156 profiteor
1029 2077 1245 2155 evangelicam.

357 2165 432 2226 Cum
455 2175 643 2246 pateranus
667 2166 696 2228 h.
721 2185 744 2229 s.
769 2169 810 2228 80,
835 2186 853 2224 a
876 2167 1033 2244 gymnasio
1057 2167 1232 2226 Zittaviensi
1253 2166 1386 2245 Lipsiam

267 2257 551 2336 transmigravisset‚
575 2264 610 2314 ut
625 2256 703 2314 inter
722 2266 852 2315 summos
867 2255 1017 2334 gymnasii
1033 2256 1109 2332 regii
1125 2253 1212 2314 modo
1235 2256 1387 2316 constituti

267 2347 299 2403 in
322 2344 378 2402 hac
401 2344 476 2403 urbe
500 2353 577 2404 esset
598 2345 767 2421 magistros,
796 2344 899 2422 primis
923 2344 1089 2403 litterarum
1113 2343 1268 2403 elementis
1291 2344 1386 2404 imbu-

179 2439 181 2444 '
268 2445 316 2493 tus
340 2435 371 2491 in
391 2433 492 2492 schola
508 2432 775 2505 Teichmanniana,
799 2442 879 2492 anno
902 2432 931 2492 h.
950 2453 972 2494 s.
991 2437 1032 2494 83
1057 2435 1174 2509 regium
1198 2434 1386 2512 gymnasium

267 2522 424 2602 Lipsiense
448 2520 508 2580 adii
532 2519 612 2600 quod
635 2521 721 2580 floret
743 2531 859 2581 rectore
881 2522 1038 2581 Ricardo
1062 2522 1220 2584 Richter.
1268 2520 1388 2602 Optime

270 2631 341 2671 vero
365 2609 403 2670 de
425 2630 472 2669 me
488 2612 595 2670 meruit
609 2609 787 2670 Ricardus
809 2609 1013 2685 Friedrich,
1038 2631 1119 2671 nunc
1141 2620 1239 2670 rector
1254 2610 1387 2670 Budissi·

268 2719 339 2770 nus,
369 2701 454 2759 cuius
476 2719 549 2778 erga
572 2720 620 2759 me
642 2699 788 2759 beneficia
810 2719 965 2778 nunquam
988 2699 1060 2758 mihi
1085 2698 1121 2759 de
1143 2700 1285 2758 memoria
1308 2701 1386 2758 exci-

270 2788 351 2849 dent.
403 2787 560 2847 Noveunio
592 2788 729 2848 sollemni
759 2788 896 2847 absoluto
928 2789 1107 2848 maturitatis
1138 2789 1306 2848 testimonio
1337 2809 1388 2848 ex-

269 2885 399 2936 structus
422 2880 519 2936 almae
542 2878 630 2936 matri
652 2876 801 2955 Lipsiensi
832 2878 993 2956 inscriptus
1016 2896 1091 2948 sum,
1123 2877 1176 2936 ubi
1208 2879 1325 2937 animus
1349 2875 1386 2936 ad

269 2967 456 3044 antiquitatis
479 2964 578 3024 studia
600 2985 648 3024 me
671 2963 794 3026 ferebat.

359 3056 460 3133 Atque
492 3052 621 3114 docuere
652 3074 698 3114 me
730 3055 786 3113 virt
821 3053 1025 3116 illustrissimi:
1059 3055 1248 3132 Brugmann,
1280 3053 1388 3114 Gardt·

269 3142 394 3212 hausen,
419 3143 544 3216 Heinae,
576 3142 725 3214 Immisch,
751 3141 880 3221 Lipsius,
912 3143 1042 3217 Marchs,
1074 3143 1223 3215 Ribbeck,
1255 3144 1387 3219 Richter,

270 3229 443 3305 Schneider,
475 3231 605 3312 Sicvere,
629 3231 836 3304 Wachsmuth,
862 3231 1027 3303 Windisch,
1055 3233 1178 3298 Wundt.
1225 3233 1388 3311 Postquam

274 3341 327 3399 per
349 3331 395 3379 ter
411 3341 498 3380 senos
520 3340 638 3380 menses
661 3322 693 3379 in
708 3322 921 3400 proseminario
938 3321 1120 3401 philologico
1141 3322 1309 3381 tirocinium
1332 3321 1389 3381 feci

272 3408 493 3469 moderantibus
516 3409 684 3469 Immischio
716 3419 746 3469 et
775 3409 950 3484 Bureschio,
984 3431 1037 3490 per
1068 3410 1241 3470 tantundem
1273 3420 1390 3490 tempus

270 3499 420 3558 seminarii
451 3498 626 3577 philologici
659 3499 702 3558 fui
733 3497 843 3557 sodalis
875 3498 1042 3558 ordinarius
1073 3498 1248 3576 regentibus
1278 3500 1389 3579 Lipsio,

270 3586 452 3659 Ribbeckio,
471 3586 708 3649 Wachsmuthio.
733 3587 894 3648 Praeterea
910 3588 1138 3659 Wachsmuthii,
1156 3586 1389 3662 Gardthauseni,

273 3675 402 3735 Oichorii
435 3677 544 3734 eximia
567 3676 753 3753 benignitate
776 3677 887 3735 factum
912 3689 964 3748 est,
998 3688 1031 3735 ut
1061 3678 1220 3736 seminario
1251 3677 1389 3737 historico

231 3767 232 3770 ’
271 3784 324 3842 per
357 3765 490 3844 quinque
522 3767 697 3824 semenstris
728 3785 819 3825 essem
853 3765 1030 3846 adscriptus.
1081 3765 1116 3825 In
1148 3765 1390 3845 paedagogicum

272 3853 463 3914 seminarium
486 3853 643 3914 Richterus
674 3874 721 3914 me
753 3856 889 3933 proximo
920 3856 1076 3915 semenstri
1109 3855 1235 3914 brumali
1266 3855 1388 3934 recepit.

272 3940 389 3999 Deinde
412 3941 450 4001 ad
474 3942 629 4002 historicas
654 3945 882 4003 exercitationes
905 3964 952 4004 me
979 3942 1124 4003 admisere
1144 3943 1390 4005 Gardthausenua

273 4038 303 4087 et
340 4029 494 4105 Oichorius
538 4051 591 4112 per
629 4032 750 4110 singula
788 4034 980 4104 semenstris,
1025 4033 1252 4111 archaeologiae
1294 4033 1390 4092 tontes

273 4116 473 4178 Schneiderus
497 4121 568 4180 mibi
585 4122 712 4200 aperuit,
737 4123 821 4181 cuius
837 4121 1102 4181 exercitationibus
1118 4143 1173 4202 per
1188 4132 1252 4181 octo
1277 4141 1389 4181 semen·

273 4207 344 4265 stris
375 4207 505 4270 intertui.
576 4209 724 4289 Imprimis
767 4219 867 4270 autem
907 4210 978 4269 mihi
1016 4211 1099 4270 lucro
1130 4211 1222 4270 fuisse
1253 4211 1391 4290 profiteor

274 4295 355 4375 quod
379 4295 417 4355 ad
440 4298 611 4357 societatem
635 4319 720 4359 suum
744 4300 897 4375 septimum
916 4319 995 4358 nuuc
1009 4309 1172 4360 semenstre
1188 4298 1301 4359 aditum
1318 4300 1390 4358 mihi

273 4384 415 4465 patefecit
440 4385 634 4447 Ribbeckius.
