3440 5096
672 469 891 530 «25-

223 643 409 706 contendisse
437 643 644 722 gradationem
672 645 715 705 sic
742 644 806 704 fieri
835 644 873 704 ad
897 646 1002 707 minus.
1048 644 1226 706 Necessario
1248 648 1343 724 igitur

222 737 281 813 legi
304 734 404 795 divisa
427 754 500 794 voce
526 755 567 818 (se
589 731 659 796 det'.
699 733 797 809 Quam
813 734 970 794 lectionem
989 736 1097 794 iterum
1113 734 1250 797 defendit
1273 756 1342 804 con·

223 824 385 884 tradicente
415 823 538 887 Cruceo.
591 823 687 898 Quem
718 832 818 884 autem
849 824 963 883 fontem
992 822 1104 883 indicet
1138 835 1227 904 poeta
1259 824 1341 886 band

225 914 342 973 difficile
371 924 418 972 eat
446 913 537 976 dictu.
590 913 762 973 Gronovius
791 913 912 993 quidem
943 915 1157 993 Hippocrenen
1185 914 1344 978 intellexit.

228 1002 284 1063 Setl
304 1005 328 1062 ai
350 1003 418 1065 silv.
440 1003 472 1062 ll
497 1007 526 1076 7,
559 1006 589 1064 2.
616 1002 765 1087 (quisquis
796 1002 922 1063 collibus
946 1004 1090 1062 Isthmiae
1112 1005 1223 1064 Diones
1256 1004 1343 1064 docto

232 1104 342 1170 pectora
365 1094 532 1152 concitatus
555 1102 661 1171 oestro,
686 1090 846 1171 pendentis
871 1093 947 1151 bibit
969 1093 1105 1169 ungulae
1129 1092 1288 1173 liquorem)
1312 1105 1344 1152 et

233 1181 317 1242 Theb.
341 1181 387 1242 IV
412 1183 462 1241 60.
488 1181 605 1265 (vatum
629 1202 691 1261 que
716 1182 757 1262 [h.
775 1202 801 1244 e.
820 1180 965 1261 Corinthi]
992 1173 1128 1242 conscius
1150 1185 1245 1242 amnis
1269 1180 1343 1243 Gor·

235 1291 318 1348 goneo
341 1291 501 1350 percussus
525 1273 615 1351 equo)
639 1273 924 1351 comparaverimus,
948 1272 1077 1332 Pirenen
1102 1272 1208 1353 opinor
1230 1281 1262 1333 et
1285 1272 1343 1331 boo

234 1359 289 1420 loeo
309 1371 430 1440 poetam
454 1360 569 1420 dixisse
591 1360 788 1432 censebimus,
813 1381 892 1440 quae
916 1370 947 1420 et
970 1362 1037 1440 ipsa
1052 1361 1145 1420 Musis
1168 1382 1253 1421 sucre
1276 1362 1342 1422 fuit.

230 1450 297 1508 llam
330 1450 446 1510 Statius
477 1451 608 1510 Pirenen
636 1451 748 1510 fontem
781 1453 834 1529 qui
864 1460 909 1509 est
938 1452 1142 1511 Acrocorintbi
1173 1459 1343 1510 nascentem

229 1539 308 1597 tinnit
332 1560 372 1600 ex
395 1541 456 1600 ictu
480 1540 614 1617 ungules
636 1540 756 1617 Pegasi.
803 1538 865 1598 Alii
887 1538 975 1600 velut
999 1538 1055 1600 Ov.
1078 1550 1147 1599 met.
1164 1541 1192 1600 V
1209 1543 1272 1600 255
1296 1560 1341 1620 sq.

225 1629 312 1692 schol.
338 1628 421 1690 Pers.
446 1628 521 1708 prol.
548 1633 573 1691 1,
601 1633 708 1691 Anton.
731 1629 797 1690 Lib.
826 1632 855 1689 9.
880 1627 959 1688 idem
987 1628 1025 1688 de
1047 1629 1241 1709 Hippocrene
1263 1630 1344 1689 fonte
1463 1655 1467 1662 ·

223 1727 354 1779 narrum.

310 1811 365 1869 38.
389 1814 565 1892 reseretque
595 1829 718 1876 creona
750 1809 883 1892 pudicos
910 1808 1090 1875 Phemonoe
1117 1809 1235 1893 fontes:
1266 1808 1344 1867 Phe·

223 1917 331 1956 monoe
354 1897 505 1978 Apollinis
527 1899 652 1956 antistes
678 1897 836 1976 Delphica:
872 1897 910 1958 ol.
935 1898 1009 1960 Luc.
1035 1896 1072 1969 V,
1101 1901 1171 1958 126.
1200 1902 1269 1959 185.
1298 1917 1342 1954 ar·

221 2007 295 2046 cena
321 1985 441 2060 dieitur,
469 1988 541 2066 quia
564 2007 631 2046 eum
661 1988 771 2072 ‘arcani
794 1987 939 2067 praefecit
969 1985 1102 2046 hiatibus
1125 1988 1203 2046 antri
1229 1980 1340 2046 Delius'

221 2074 299 2159 (silv.
328 2075 366 2150 V,
393 2081 421 2154 1,
450 2078 536 2154 114.)
568 2076 598 2138 h.
622 2096 647 2138 e.
678 2079 750 2156 quia
781 2079 903 2136 oracula
935 2075 1159 2156 pronuntiabat.
1213 2074 1342 2135 Pudicos

218 2186 290 2226 varo
324 2165 422 2226 fontes
446 2163 592 2225 Castalios
623 2166 780 2246 intelleg03
813 2164 913 2246 pudici
945 2165 1085 2226 dicuntur
1113 2175 1143 2226 et
1173 2186 1191 2222 a
1222 2166 1342 2223 nomine

220 2253 376 2323 Castalius
399 2265 429 2314 et
453 2253 532 2334 quod
556 2253 626 2315 inde
649 2275 682 2315 se
704 2255 874 2315 lustrabant
896 2255 1068 2334 fiebantque
1092 2249 1191 2330 ἁγνοί.
1338 2263 1340 2268 ’

311 2347 365 2406 39.
390 2344 438 2410 vel
453 2352 538 2428 'quos
565 2367 655 2411 meus
681 2347 811 2430 ettspice
833 2344 957 2412 Phoebo
980 2345 1080 2412 attius
1102 2346 1253 2412 immerso
1275 2349 1343 2411 tter-

218 2437 305 2502 bam't
322 2433 450 2500 Pollius
472 2455 574 2501 urna:
600 2434 734 2494 turbavit
761 2435 874 2495 Pollius
901 2435 999 2494 fontes
1028 2435 1167 2494 nimirum
1196 2453 1232 2494 eo
1263 2432 1343 2513 quod

218 2525 290 2585 inde
324 2525 433 2586 hausit.
488 2522 575 2598 Quod
606 2543 677 2584 vero
708 2524 798 2584 altius
829 2544 940 2604 aquam
971 2523 1080 2584 dieitur
1109 2528 1255 2600 turbasse
1287 2523 1344 2583 hoe

217 2624 305 2674 certe
329 2613 426 2673 voluit
449 2625 549 2692 poeta:
574 2614 663 2673 altius
686 2615 856 2693 penetravit
878 2617 909 2673 in
933 2615 1086 2674 Musarum
1110 2623 1198 2673 artes.

314 2708 366 2765 41.
388 2703 583 2776 innumeras
605 2704 728 2770 valeam
749 2706 867 2789 speeies
885 2704 1051 2786 cultusque
1067 2703 1206 2768 locorum
1223 2698 1344 2768 Pieriis

217 2814 362 2878 aequare
384 2793 503 2858 modis:
526 2791 706 2852 adiectivum
726 2788 916 2879 ¹innumerus’
939 2812 976 2852 ex
993 2795 1036 2851 eis
1051 2801 1097 2852 est
1112 2811 1189 2866 qnae
1204 2791 1344 2870 frequen-

218 2884 336 2942 tissime
359 2881 477 2941 obviam
500 2881 577 2941 fiunt
606 2884 639 2942 in
668 2883 751 2943 silvis
782 2883 818 2944 cf.
844 2882 1013 2942 Kerckhoff
1040 2881 1060 2940 l.
1084 2880 1104 2943 l.
1135 2901 1165 2957 p.
1190 2881 1242 2943 53.
1296 2879 1344 2940 Ad

217 2972 341 3052 species
362 2971 522 3051 cultusque
553 2971 589 3032 cl.
615 2973 631 3032 I
655 2977 684 3046 6,
699 2976 750 3032 29.
775 2973 823 3032 ΙΙΙ
847 2973 875 3045 5:
903 2975 954 3033 89.
999 2973 1071 3030 Ans.
1096 2972 1168 3034 Mos.
1195 2974 1244 3031 18.
1271 2989 1343 3054 ‘spe-

218 3057 296 3122 cies'
314 3059 352 3119 ad
377 3062 547 3120 naturalem
571 3061 628 3120 loci
651 3063 861 3121 amoenitatem
878 3073 1004 3140 spectat,
1032 3056 1147 3145 ‘cultus'
1165 3058 1203 3118 ad
1227 3079 1263 3119 ea
1278 3061 1343 3137 qui·

218 3154 282 3212 bus
313 3159 377 3209 arte
407 3150 540 3210 bumana
571 3161 734 3210 exornatur
765 3151 857 3212 locus.
892 3151 929 3211 ef.
955 3151 970 3209 l
994 3154 1023 3229 3,
1052 3151 1105 3211 15:
1132 3169 1220 3233 (quae
1250 3149 1343 3208 forma

220 3241 322 3301 beatis
355 3249 425 3300 ante
435 3237 459 3319 1)
497 3260 605 3299 manus
635 3252 790 3320 artemque
819 3235 921 3300 locisP'
955 3240 1008 3299 ubi
1036 3239 1131 3298 forma
1154 3237 1232 3296 idem
1263 3237 1344 3296 valet

218 3340 318 3410 atque
345 3331 469 3409 speeies,
499 3349 606 3388 munus
634 3340 664 3390 et
691 3349 739 3388 ars
765 3329 843 3389 idem
875 3339 967 3409 atque
994 3329 1101 3390 cultus.
1151 3327 1207 3386 Vel
1235 3345 1273 3385 ex
1296 3346 1343 3384 ac-

218 3427 329 3480 curata
355 3417 446 3478 huius
473 3418 630 3478 locutionis
658 3420 904 3498 interpretatione
933 3419 1121 3496 cognoscitur
1148 3416 1254 3474 falsam
1278 3435 1343 3474 esee

217 3508 433 3586 Schwartzii2)
468 3509 667 3568 coniecturam
699 3509 790 3588 quil
814 3515 843 3580 5,
869 3511 925 3569 13:
963 3510 1003 3590 ‘in
1034 3508 1148 3586 species
1172 3498 1340 3583 cultusque'

218 3596 414 3659 scribendum
445 3599 570 3656 censuit.
625 3597 700 3657 Aliis
731 3599 821 3657 etiam
851 3596 1016 3656 rationibus
1046 3595 1236 3675 impugnavit
1266 3595 1344 3652 hanc

219 3688 385 3748 lectionem
409 3687 554 3745 Miillerus
577 3687 588 3744 l
621 3687 641 3748 l.
666 3707 695 3766 p.
721 3689 761 3748 30
785 3707 829 3766 sq.
859 3721 902 3732 -
930 3686 1053 3752 Pieriis
1080 3704 1217 3768 aequare
1243 3682 1343 3750 modis

220 3776 377 3853 significat
408 3775 501 3855 digne
532 3775 691 3838 celebrare.
750 3776 826 3835 Nam
858 3777 950 3836 Pierii
985 3775 1061 3834 modi
1096 3784 1166 3833 sunt
1200 3775 1341 3838 carmina,

221 3868 265 3926 Et
289 3866 345 3924 hoc
368 3865 553 3942 adjectivum
570 3865 668 3924 Statio
692 3864 864 3924 adamatum
881 3875 933 3928 est.
982 3861 1214 3942 ‘Pieriis'modis’
1239 3861 1343 3921 eedem

221 3967 317 4035 atque
347 3955 404 4015 hoc
433 3955 498 4014 loco
529 3975 631 4014 versus
661 3954 733 4015 sede
764 3956 893 4014 occurrit
924 3953 1004 4034 apud
1026 3953 1185 4012 Horatium
1216 3952 1249 4011 in
1279 3959 1343 4010 arte

221 4053 304 4121 poet.
328 4065 357 4108 v.
382 4047 457 4107 405.

319 4273 338 4342 *)
358 4272 397 4326 sic
422 4287 456 4326 ex
480 4273 593 4342 egregia
618 4272 818 4328 Sandatroemii
842 4271 946 4341 (studia
970 4271 1068 4327 critica
1090 4271 1119 4324 in
1142 4270 1172 4326 P.
1197 4267 1343 4337 Papinium

228 4343 355 4399 Statium.
369 4343 474 4414 Upsala
488 4344 556 4399 1878
568 4362 594 4412 p.
607 4344 649 4414 12)
663 4350 693 4399 ot
706 4344 816 4399 Ottonis
830 4344 887 4414 (1.1.
902 4361 927 4412 p.
941 4344 1005 4412 369)
1018 4342 1184 4400 coniectura.
1197 4339 1259 4396 cod:
1273 4348 1342 4397 arte.

319 4415 340 4486 ὓ)
360 4415 544 4484 coniectanoa
562 4415 619 4472 ind.
638 4417 701 4472 leet.
720 4415 851 4473 Rostocb.
872 4417 940 4472 1889
959 4431 984 4487 p.
1004 4417 1029 4472 8.
