3440 5096
730 481 947 539 ..11-

372 659 423 719 30.
441 654 510 718 inde
534 677 588 737 per
611 656 749 737 obliquos
772 657 868 738 erepit
891 658 1022 738 porticus
1046 667 1134 732 artes,

441 746 533 806 Urbis
557 767 643 827 opus,
668 747 818 826 longoque
842 744 941 808 domat
963 768 1037 807 saxu
1061 768 1167 827 aspera
1191 746 1292 824 dorso;

442 856 503 916 qua
525 837 609 916 prius
633 838 759 897 obscuro
782 839 921 917 permixti
945 838 1070 917 pulvere
1091 837 1169 897 soles

443 935 473 985 et
495 926 596 1003 feritas
619 929 777 1008 inamoena
800 928 877 1007 viae,
902 946 981 986 nunc
1004 929 1047 987 ire
1070 927 1217 1002 voluptas.

443 1016 550 1094 qualis,
575 1017 601 1076 si
624 1016 733 1076 subeas
756 1016 893 1096 Ephyres
917 1015 1098 1077 Baccheidos
1121 1017 1214 1076 altum

372 1109 423 1166 35.
441 1106 568 1175 culmen,
593 1105 632 1164 ab
655 1077 728 1165 lboo
751 1106 811 1166 fert
833 1108 939 1165 semita
962 1115 1041 1166 tecta
1063 1108 1173 1185 Lyaeo.

442 1215 501 1254 non
524 1195 598 1254 mihi
619 1197 644 1254 si
667 1210 788 1255 cunctos
810 1195 939 1256 Helicon
961 1193 1119 1274 indulgeat
1141 1215 1243 1256 ornnes

442 1293 471 1344 et
494 1293 616 1364 superet
639 1285 756 1365 Piplea‘
768 1287 846 1345 sitim
870 1285 1016 1365 largeque
1041 1286 1177 1347 volantis.

440 1374 556 1452 ungulo
580 1393 612 1433 se
635 1372 684 1433 det
707 1377 778 1455 equi
801 1383 971 1454 reseretque
995 1395 1104 1435 arcane
1128 1374 1253 1455 pudicos

441 1463 613 1524 Phemonoe
636 1465 733 1524 fontes
758 1465 806 1524 vel
830 1485 904 1544 quos
927 1485 1011 1524 meus
1035 1466 1158 1544 auspice
1181 1465 1302 1525 Phoebo
1405 1457 1408 1464 ⁴

371 1556 422 1615 40.
441 1553 531 1612 eltius
554 1555 692 1614 immersa
715 1554 848 1614 turbavit
870 1555 984 1614 Pollius
1007 1575 1093 1628 urna,

442 1645 612 1702 innumeras
636 1644 753 1703 valeam
777 1646 892 1724 species
916 1633 1074 1723 cultusque
1097 1644 1228 1703 locorum

441 1732 546 1792 Pieriis
569 1752 699 1812 aequare
722 1732 824 1796 modis.
849 1735 902 1792 vix
926 1733 1029 1793 ordine
1051 1734 1142 1810 longo

442 1822 586 1894 suffecere
610 1824 697 1896 oculi,
722 1824 784 1894 vix,
809 1822 878 1883 dum
902 1842 956 1903 per
979 1823 1099 1900 singula
1123 1821 1224 1897 ducor,

441 1912 584 1972 suffecere
607 1911 725 1989 gradus.
749 1932 829 1992 quae
851 1933 949 1972 rerum
973 1913 1076 1972 turba!
1102 1912 1199 1971 locine

372 2007 423 2063 45.
441 2003 595 2078 ingenium
620 2022 660 2060 an
683 2001 793 2061 domini
816 2003 905 2062 mirer
928 2001 1031 2081 prius?
1055 2003 1130 2061 haec
1153 2000 1256 2061 domus
1281 2010 1362 2060 ortus

420 2092 550 2170 aspicit
573 2099 603 2150 et
627 2091 741 2151 Phoebi
766 2103 902 2151 tenerum
924 2091 1025 2170 iubar3
1050 2091 1103 2151 illa
1126 2090 1280 2150 cedentem

442 2180 555 2240 detinet
578 2190 775 2262 exactamque
798 2192 890 2258 negat
913 2179 1061 2241 dimittere
1083 2181 1189 2261 lucem,

442 2289 508 2330 cum
529 2270 591 2329 'iam
614 2271 692 2332 fessa
716 2270 778 2330 dies
801 2273 885 2330 etin
908 2291 1041 2352 aequora
1064 2272 1172 2330 montis
1196 2271 1282 2350 opaci

441 2359 547 2420 umbre
571 2362 650 2419 eadit
672 2361 828 2440 vitreoque
851 2370 957 2420 natant
980 2362 1130 2440 praetoria
1153 2371 1253 2440 ponto.

376 2449 519 2512 ethaeo
542 2450 644 2530 pelagi
668 2450 796 2518 clamore
819 2451 958 2523 fremunt,
983 2451 1058 2510 haec
1081 2459 1160 2509 tecta
1183 2469 1303 2510 sonoros

443 2541 582 2617 ignorant
604 2540 712 2599 fluctus
736 2549 898 2620 terraeque
921 2540 1039 2600 silentia
1063 2540 1186 2618 malunt,

402 2649 405 2654 ·
441 2628 487 2688 his
510 2630 586 2687 favit
609 2639 716 2688 natura
739 2630 822 2704 locis,
846 2631 895 2689 hie
917 2631 999 2689 victa
1022 2629 1130 2689 colenti

440 2719 529 2778 cessit
553 2729 582 2777 et
605 2721 724 2796 ignotos
749 2719 851 2779 docilis
875 2721 1043 2779 mansuevit
1067 2720 1098 2778 in
1121 2738 1204 2781 usus.

442 2826 525 2868 mons
549 2799 614 2867 eret
638 2809 696 2882 hie,
721 2808 773 2869 ubi
796 2810 888 2888 plana
911 2806 1005 2882 vides,
1031 2817 1060 2867 et
1083 2809 1178 2867 lustra
1201 2807 1323 2866 fuerunt

373 2905 423 2960 55.
443 2917 503 2977 qua
527 2917 606 2957 nune
630 2907 709 2958 tecta
732 2898 829 2971 subis3
853 2898 905 2957 ubi
929 2917 1008 2956 nunc
1029 2917 1152 2956 nemora
1177 2895 1271 2955 ardua
1294 2895 1398 2966 cernis,

331 3002 334 3009 ·
441 2987 489 3045 hic
512 3007 567 3047 nec
590 2994 668 3046 teria
691 2988 761 3050 fuit:
787 2987 901 3047 domuit
924 3006 1075 3067 possessor
1099 2998 1128 3046 et
1150 2986 1234 3046 illum

441 3077 616 3136 formantem
641 3098 731 3157 rupes
756 3089 1041 3157 expugnantemque
1065 3086 1168 3136 secuta
1235 3151 1237 3154 Ι

441 3165 554 3244 gaudet
577 3166 694 3228 humus.
719 3187 798 3226 nune
822 3187 909 3225 cerne
935 3169 1039 3244 iugum
1065 3165 1209 3225 discentia
1233 3184 1306 3223 saxa

441 3259 649 3335 intrantesque
673 3255 774 3316 domos
797 3258 970 3335 iussumque
993 3253 1133 3315 recedere
1157 3263 1293 3315 montem.

329 3361 331 3364 '
373 3351 423 3409 60.
439 3349 498 3404 iarn
523 3346 726 3424 Methymnaei
750 3347 827 3404 vatis
850 3365 955 3403 monus
979 3357 1009 3404 et
1033 3345 1133 3423 chelys
1157 3363 1219 3403 una
1272 3369 1276 3380 ·

442 3435 576 3495 Thebais
600 3445 629 3493 et
653 3434 752 3494 Getici
776 3433 863 3493 cedat
887 3435 942 3492 tihi
965 3435 1063 3512 gloria
1086 3435 1207 3514 plectri:

442 3534 471 3583 et
494 3541 527 3583 tu
550 3544 624 3583 saxa
648 3544 749 3584 moves
772 3534 803 3582 et
826 3535 855 3582 te
878 3544 1000 3582 nemora
1023 3525 1085 3582 alta
1109 3530 1284 3603 sequuntur.

443 3613 516 3694 quid
540 3613 666 3672 referam
690 3624 806 3673 veteres
831 3633 978 3693 ceraeque
1002 3615 1140 3692 aerisque
1162 3603 1284 3689 figuras,

441 3707 466 3763 si
490 3702 562 3782 quid
588 3703 706 3782 Apellei
730 3701 865 3779 gaudent
888 3704 1035 3762 animasse
1059 3702 1182 3772 colores,

372 3800 424 3856 65.
442 3797 467 3852 si
491 3791 562 3872 quid
587 3790 686 3851 adhuc
709 3813 815 3865 vacua,
840 3804 939 3851 tamen
962 3792 1147 3864 admirabile,
1172 3791 1242 3849 Pisa

444 3880 607 3942 Phidiacae
630 3902 728 3941 rasere
753 3901 868 3954 manus,
893 3881 973 3960 quod
998 3882 1036 3939 ah
1060 3890 1124 3939 arte
1147 3879 1280 3959 Myronis

444 3982 496 4031 aut
519 3971 684 4050 Polycliteo
708 3973 818 4031 iussum
844 3984 890 4030 est
914 3970 993 4051 quod
1018 3972 1120 4029 vivere
1144 3970 1235 4041 caelo,

371 4219 513 4272 tiburtes.
551 4219 692 4285 35.lyceo.
722 4219 765 4274 36.
779 4217 863 4272 sedet.
892 4216 1038 4284 leporius
1056 4215 1066 4268 l
1084 4215 1231 4269 add.iocer
1251 4213 1275 4284 l'
1290 4211 1400 4281 cl‘i'm.

283 4293 326 4344 44.
345 4290 443 4344 locine.
481 4291 522 4343 52.
544 4302 633 4342 cccrum
651 4289 696 4342 hic
715 4289 789 4343 victa
808 4307 845 4342 au
863 4289 906 4341 his
926 4290 999 4341 victo
1017 4286 1143 4341 cxlribect
1162 4285 1193 4340 M
1210 4287 1341 4339 incertum
1354 4293 1401 4363 cst.

284 4363 326 4416 55.
356 4377 434 4428 quae.
463 4363 505 4416 60.
533 4377 576 4414 me
605 4361 718 4430 tyrnnei.
756 4364 798 4415 63.
829 4361 993 4416 sreferam:
1022 4376 1035 4412 s
1063 4358 1108 4412 dcl
1126 4357 1172 4434 M.
1209 4359 1249 4410 64.
1274 4355 1401 4426 appeller.

284 4436 326 4488 67.
344 4433 493 4504 policlitcu
