3440 5096
755 463 974 520 ,76-

308 638 356 698 lus
387 659 478 718 supra
509 639 639 700 litteram
673 631 700 726 ,i'
735 637 872 718 adpictus
903 647 961 714 est3
993 639 1170 720 plerumque
1200 649 1302 703 autem
1332 641 1428 704 altera

309 749 415 789 manus
438 749 506 789 eum
529 727 652 790 addidit.

399 819 534 878 Transeo
557 820 616 880 iam
637 819 675 878 ad
691 818 738 884 II
755 820 787 893 3,
799 821 850 884 16.
889 819 1003 878 Pholoe
1019 821 1150 898 nympha
1164 821 1277 882 Panem
1294 822 1429 900 effugere

312 916 437 970 conatur
459 919 697 990 persequentem,
720 907 771 969 sed
795 911 825 968 in
849 919 950 968 moute
974 909 1073 970 Caelio

1083 1035 1163 1092 uicta
1185 1035 1288 1095 labore

421 1127 470 1186 15.
496 1124 576 1182 fessa
599 1133 692 1197 metu,
717 1144 776 1204 qua
800 1143 881 1183 nunc
904 1122 1014 1202 placidi
1038 1125 1170 1184 Melioris
1194 1127 1290 1205 aperti

493 1223 573 1272 stant
597 1214 661 1272 sine
685 1211 790 1273 fraude
813 1214 892 1273 lares
916 1214 1008 1272 flavos
1032 1215 1152 1292 collegit
1175 1215 1300 1275 amictus

492 1306 586 1362 artius
610 1311 638 1362 et
662 1305 769 1362 niveae
794 1305 894 1382 posuit
917 1323 948 1361 se
971 1305 1108 1381 margine
1131 1303 1222 1382 ripae.

398 1427 484 1503 Quae
501 1425 537 1487 de
554 1446 643 1486 versu
663 1429 701 1486 17
728 1424 910 1504 disputanda
934 1435 1014 1498 sunt,
1038 1430 1068 1485 in
1090 1447 1232 1507 praesens
1250 1427 1429 1494 differamus.

313 1516 377 1576 Sed
403 1517 440 1576 de
464 1539 494 1578 v.
524 1520 562 1578 16
587 1531 685 1618 pauca
710 1514 854 1574 adnotare
878 1515 978 1577 velim.
1025 1517 1135 1575 Versus
1162 1517 1213 1576 ille
1240 1519 1282 1576 sic
1304 1528 1339 1578 ut
1361 1538 1429 1579 erum

310 1607 453 1686 exscripsi
482 1614 581 1664 exstat
609 1607 640 1662 in
669 1602 828 1665 codicibus.
874 1605 909 1662 In
942 1605 1052 1682 quibua
1075 1606 1206 1665 verbis
1199 1627 1257 1664 ram
1281 1608 1364 1666 Italis
1387 1612 1428 1667 ot·

310 1697 437 1756 fensioni
467 1695 550 1754 fuere
581 1695 651 1754 flavi
679 1694 829 1773 nymphae
854 1695 987 1754 amictus
1021 1694 1128 1753 fluidos
1156 1697 1183 1754 ei
1215 1693 1287 1754 dare
1319 1696 1429 1756 malue-

309 1796 389 1846 runt
438 1785 534 1860 Quam
560 1785 759 1843 coniecturam
776 1805 872 1864 nuper
888 1783 1029 1864 probavit
1018 1783 1223 1844 tSchaeferns
1240 1785 1273 1862 (l
1287 1786 1306 1846 l
1320 1806 1348 1865 p
1363 1757 1443 1862 37)

310 1874 368 1934 Sed
393 1884 423 1934 et
446 1873 605 1934 admodum
630 1873 743 1934 recedit
766 1894 785 1932 a
808 1874 914 1932 litteris
938 1872 1054 1932 traditis
1079 1894 1177 1954 neque
1201 1876 1266 1954 ipsa
1291 1875 1428 1954 probabi·

310 1965 402 2024 litatis
426 1965 555 2044 speciem
580 1985 652 2043 prae
674 1984 706 2023 se
728 1964 794 2030 fert,
841 1961 969 2022 Fluidae
998 1965 1076 2022 enim
1108 1973 1206 2023 vestes
1230 1965 1280 2024 vel
1303 1965 1429 2025 fluentes

308 2075 368 2114 uon
392 2074 505 2134 passas,
531 2053 583 2114 aed
607 2052 781 2113 delabentes
798 2053 977 2130 significant.
1013 2055 1116 2132 Atque
1131 2054 1188 2112 hae
1205 2054 1325 2114 minime
1341 2064 1430 2134 aptae

309 2154 395 2203 eraut
416 2144 544 2222 fugienti
569 2143 731 2223 nymphae.
770 2141 828 2202 Sed
845 2140 983 2200 traditam
1000 2142 1156 2203 lectionem
1172 2155 1251 2203 stare
1267 2165 1326 2203 nou
1343 2165 1430 2224 posse

308 2233 437 2293 libenter
461 2233 599 2294 concedo.
646 2233 754 2312 Neque
778 2234 856 2290 enim
880 2252 1013 2311 unquam
1037 2233 1133 2291 flavae
1158 2243 1255 2292 vestes
1278 2232 1427 2308 dicuntur,

308 2325 332 2381 si
364 2323 543 2382 Bliimnerus
575 2321 608 2402 (l.
633 2323 651 2381 l.
682 2343 709 2396 p.
746 2319 933 2403 105-113)
966 2323 1064 2380 omnia
1096 2323 1264 2380 testimonia
1297 2323 1428 2406 collegit,

309 2433 408 2491 usque
432 2414 611 2491 perspicitur
635 2431 688 2470 cur
710 2411 789 2468 flava
812 2411 998 2489 potissimum
1022 2411 1172 2489 nymphae
1201 2410 1317 2471 dederit
1341 2421 1430 2492 poeta

308 2503 493 2562 vestimenta.
550 2501 635 2576 Quae
671 2519 737 2559 cum
768 2502 810 2557 ita
842 2500 915 2573 sint,
953 2499 1188 2559 emendationem
1220 2500 1300 2561 hunc
1331 2503 1429 2562 locum

213 2633 217 2641 -
309 2592 448 2666 flagitare
471 2592 523 2650 vix
549 2610 729 2670 quemquam
753 2588 881 2647 arbitror
904 2599 1095 2665 negaturum.
1136 2590 1236 2670 Atque
1261 2592 1372 2651 suadeo
1396 2601 1430 2650 ut

308 2682 470 2741 scribatur:
499 2682 640 2764 plumos.
688 2677 835 2739 Glaucum
861 2680 939 2736 enim
963 2676 1070 2738 dicitur
1094 2677 1240 2758 quidquid
1264 2700 1332 2746 cum
1355 2683 1429 2740 mari

310 2770 358 2829 vel
382 2770 554 2828 fluminibus
578 2789 743 2848 eorumque
766 2768 939 2828 numinibus
967 2768 1108 2828 cohaeret
1136 2768 1174 2828 cf.
1199 2769 1340 2828 Bliimner
1362 2770 1383 2832 l.
1407 2772 1427 2832 l.

308 2881 338 2939 p.
367 2865 428 2920 144
445 2880 490 2938 sq.
537 2859 638 2919 Unum
669 2858 765 2916 locum
796 2859 926 2936 exempli
958 2860 1056 2935 gratia
1087 2858 1209 2918 afferam
1233 2858 1295 2928 13,
1313 2860 1351 2919 70
1376 2859 1429 2918 ubi

309 2950 427 3008 Anieno
453 2948 576 3008 Anienis
600 2948 684 3006 fluvii
710 2947 764 3006 deo
789 2947 889 3024 glauci
914 2950 1039 3006 amictus
1064 2949 1245 3009 tribuuntur.
1278 2949 1314 3008 cf.
1340 2949 1429 3008 etiam

308 3038 395 3098 Hosii
419 3037 456 3098 ad
481 3039 553 3100 Aue.
578 3038 650 3096 Mos.
679 3038 739 3096 170
765 3047 874 3098 notam.

399 3128 531 3206 Contigit
555 3127 671 3185 Dianae
700 3125 844 3185 adiutrice
867 3127 981 3186 Pholoe
1009 3138 1043 3185 ut
1074 3125 1240 3185 insontem
1263 3147 1355 3186 ruens
1379 3148 1428 3206 pe·

308 3237 408 3279 corum
432 3215 487 3277 deo
512 3216 690 3278 elaberetur.

357 3346 406 3402 35.
432 3342 506 3421 quid
529 3341 642 3406 faceret
665 3342 764 3400 subito
789 3340 930 3422 deceptus
954 3339 1085 3420 praedo?
1109 3361 1164 3399 nec
1187 3341 1255 3400 altis

430 3431 551 3491 credere
576 3450 683 3510 corpus
707 3432 792 3509 aquis
815 3431 911 3489 hirtae
935 3430 991 3488 sibi
1016 3432 1150 3488 conscius
1175 3428 1264 3490 audet

428 3520 514 3596 pellis
539 3530 568 3580 et
591 3542 609 3579 a
632 3531 734 3580 tenero
761 3519 850 3578 nandi
874 3519 965 3582 rudis.
990 3521 1089 3579 omnia
1112 3528 1235 3598 questus

430 3612 571 3670 immitem
596 3611 745 3669 Bromium
770 3618 879 3687 stagna
901 3609 1004 3668 invida
1027 3618 1056 3668 et
1080 3608 1182 3667 invida
1206 3610 1275 3686 tela,

311 3733 383 3815 quid
407 3735 511 3796 iecerit
534 3735 610 3796 nihil
635 3734 673 3793 ad
697 3744 827 3794 nostram
851 3756 923 3797 rem.
971 3735 1017 3792 De
1034 3735 1152 3793 Bromio
1177 3734 1253 3793 enim
1280 3733 1429 3812 inquirere

312 3826 524 3884 constituimus.
572 3829 673 3904 Atque
706 3826 778 3904 quin
801 3823 919 3883 Baccho
951 3845 1009 3882 non
1039 3825 1077 3882 sit
1105 3824 1202 3898 locus,
1235 3824 1312 3882 iuter
1343 3844 1429 3883 sanos

311 3915 445 3973 homines
478 3912 610 3973 dubitari
642 3916 755 3994 nequit.
811 3915 916 3993 Neque
946 3913 1053 3972 melius
1089 3911 1251 3994 quadraret
1284 3910 1427 3994 ,Bormus'
1462 3927 1465 3934 “

311 4006 440 4063 rusticus
464 4003 573 4083 aliquis
598 4002 678 4078 deus,
706 4024 794 4082 quem
811 4024 849 4061 ex
864 4003 961 4062 Ellisii
972 3999 996 4085 ¹)
1019 4004 1167 4062 sententia
1189 4017 1367 4082 conquestus
1386 4011 1430 4062 est

313 4092 387 4156 Pan.
412 4094 549 4153 Borimus
573 4103 672 4152 autem
697 4091 847 4174 audiebat,
874 4095 1015 4172 quoniam
1040 4091 1118 4171 apud
1144 4090 1295 4152 Pollucem
1320 4091 1361 4171 (V
1375 4093 1429 4171 54)

314 4183 356 4240 sic
379 4193 514 4246 vocatur.
563 4187 661 4263 Atque
687 4181 767 4261 apud
792 4181 945 4260 Apollonii
970 4180 1078 4242 Rhodii
1110 4180 1301 4240 scholiastam
1329 4183 1359 4240 in
1384 4202 1428 4240 co-

321 4343 517 4350 -—---....

405 4410 424 4482 ¹)
440 4410 532 4482 journ.
552 4409 584 4466 of
598 4409 690 4480 philol.
711 4408 735 4466 V
753 4409 845 4481 (1874)
862 4426 889 4482 p.
907 4409 968 4465 263.
