3440 5096
816 483 1033 541 -52-

374 657 472 744 Sylla,
496 677 554 718 non
579 657 670 726 Sulla
700 657 783 720 latet.
830 658 982 720 Exhibent
1012 659 1088 719 enim
1121 659 1239 724 libris,
1265 665 1321 724 86:
1347 664 1483 746 ‘conviva

373 742 515 827 Sibyllaa’
540 748 590 808 vel
622 749 758 834 ‘eonmvs
782 744 925 827 Sybillse'
958 770 1011 830 pro
1045 751 1192 835 tconvivia
1215 749 1335 830 Syllae'.
1382 753 1483 833 Atque

368 836 450 917 quod
474 838 613 897 inlibris
640 847 740 897 exstat
763 839 819 897 nisi
843 859 880 898 ex
905 841 1052 920 scriptura
1078 833 1178 924 ‘Sylla'
1204 843 1350 918 originem
1375 839 1483 903 ducere
1568 839 1575 851 '

368 925 428 987 non
452 929 559 1007 potuit.
607 926 713 1008 Neque
737 928 825 986 aliter
855 949 902 988 res
934 949 967 988 se
995 929 1086 988 habet
1108 931 1139 987 in
1163 950 1190 991 v.
1220 933 1279 991 107
1304 931 1356 990 nbi
1380 952 1482 994 secun·

369 1016 438 1077 dum
463 1016 628 1078 Handium:
654 1015 770 1095 Scyllae
794 1017 843 1076 vel
863 1017 971 1078 Scillae
1000 1019 1030 1078 in
1059 1017 1210 1078 codicibus
1239 1031 1394 1080 exaratum
1424 1032 1482 1082 est:

368 1105 469 1186 Syllae
501 1109 594 1186 igitur
625 1125 731 1166 nomeu
761 1116 889 1188 utroque
920 1109 984 1168 loco
1014 1110 1045 1168 in
1074 1107 1237 1188 archetypo
1261 1111 1325 1170 luit.
1374 1111 1483 1186 Quam·

368 1215 457 1277 qnam
482 1196 539 1258 hoc
562 1197 667 1255 mirum
684 1215 750 1256 esse
767 1197 850 1256 nullo
867 1197 953 1259 modo
970 1206 1078 1279 potest,
1103 1218 1168 1258 cum
1194 1199 1281 1258 etiam
1306 1199 1386 1280 apud
1411 1201 1484 1261 alios

369 1295 473 1367 poetas
489 1285 606 1346 Graeca
628 1285 724 1345 forma
747 1286 836 1346 huius
860 1289 987 1349 nominis
1012 1298 1157 1361 occurrat,
1182 1307 1207 1348 e.
1226 1308 1256 1365 g.
1273 1289 1353 1369 apud
1377 1289 1483 1351 Silium

367 1376 511 1436 Italicum.
558 1373 649 1455 Apud
674 1395 763 1456 quem
779 1376 953 1443 Ludovicus
974 1378 1074 1436 Bauer
1097 1378 1275 1436 novissimus
1299 1377 1392 1437 editor
1415 1380 1482 1438 libri

367 1465 484 1545 septimi
509 1486 536 1526 v.
561 1467 624 1525 618
649 1475 729 1524 recte
753 1467 872 1545 scripsit
896 1465 1058 1525 secundum
1080 1466 1286 1526 coloniensem
1310 1476 1484 1548 ceterosque

366 1554 472 1614 libros:
505 1551 672 1639 Syllaeque
704 1551 874 1638 Crassique
906 1562 958 1622 ete.
1013 1557 1191 1614 Dictatorcm
1224 1575 1294 1616 vero
1325 1553 1403 1614 idem
1438 1558 1483 1614 vir

371 1642 474 1704 doctus
491 1643 676 1704 Graecanica
692 1645 791 1724 specie
814 1644 938 1704 induere
961 1643 1056 1704 noluit
1072 1663 1253 1723 quamquam
1270 1643 1387 1706 duobus
1409 1645 1482 1705 locis

366 1732 453 1814 XIV,
479 1735 541 1794 855
567 1743 596 1793 et
620 1737 683 1795 860
708 1733 820 1793 debuit.
866 1734 983 1794 Neutro
1010 1734 1075 1792 loco
1100 1732 1137 1792 de
1161 1732 1330 1794 Coloniensi
1352 1735 1481 1794 testimo-

366 1823 448 1882 nium
480 1831 589 1898 exstat,
622 1822 674 1882 sed
706 1843 771 1883 cum
803 1824 834 1881 in
865 1825 970 1884 ceteris
1001 1823 1085 1883 libris
1109 1822 1156 1883 vel
1182 1817 1282 1908 ‘Sylla’
1313 1823 1362 1883 vel
1388 1818 1479 1909 ‘Silla‘

368 1915 547 1990 legatur-
571 1913 627 1974 nisi
650 1911 732 1992 quod
754 1912 848 1975 altero
871 1913 935 1973 loeo
959 1933 1036 1974 nnus
1059 1913 1280 1974 Laurentianus
1306 1910 1407 1998 ‘Sulla'
1433 1934 1483 1973 ex·
1594 1975 1597 1986 ,

315 2029 318 2034 ·
370 2001 453 2061 hibet
479 2035 515 2048 -
536 2022 595 2062 non
618 2012 803 2082 potestesse
827 2002 950 2064 dubium
974 2005 1047 2084 quin
1071 2003 1116 2063 his
1140 2022 1261 2084 quoque
1284 2004 1355 2063 locis
1382 1999 1480 2089 ‘Sylla'

366 2092 405 2152 sit
435 2090 635 2155 scribendum.
682 2092 826 2154 (lanieras
857 2094 948 2154 etiam
980 2091 1135 2154 Claudias.
1166 2091 1214 2153 ed.
1239 2093 1325 2152 Koch
1357 2113 1385 2172 p.
1408 2091 1481 2155 XX.
1594 2099 1597 2158 ἶ
1697 2105 1698 2116 ’

459 2181 584 2242 Prorsus
607 2180 710 2242 eadem
733 2203 781 2242 res
805 2192 849 2242 est
871 2185 903 2242 in
926 2202 1000 2244 voce
1025 2175 1152 2265 (Thule’.
1198 2181 1247 2240 Sic
1271 2184 1347 2242 anim
1371 2182 1484 2261 ubique

367 2270 460 2331 edidit
489 2271 698 2332 Baehrensins.
746 2272 861 2348 Quater
892 2283 990 2334 autam
1020 2272 1148 2344 occurrit
1178 2271 1235 2331 hoc
1264 2291 1371 2334 nomen
1403 2268 1505 2350 apud'

366 2360 491 2422 Statium
515 2371 607 2440 atque
630 2362 672 2420 sic
694 2361 831 2425 truditur.

472 2451 520 2511 ΠΙ
545 2456 573 2530 5,
588 2452 643 2511 20:
669 2452 697 2509 A
720 2450 834 2511 Thules
859 2448 902 2534 (ἓ)
927 2450 951 2512 (l
973 2451 1062 2511 thiles
1085 2451 1134 2512 vel
1158 2451 1255 2530 thyles
1278 2472 1296 2511 a
1319 2451 1386 2511 tiles

471 2540 514 2599 IV
543 2544 573 2614 4,
588 2543 644 2600 62:
924 2540 1058 2602 Othiles
1279 2562 1298 2600 a
1321 2542 1388 2602 tiles

472 2629 500 2688 V
542 2631 640 2703 1‚91:
666 2630 693 2689 A
716 2629 815 2708 Thyle
921 2628 1066 2708 OThyle

471 2717 500 2777 V
540 2721 569 2792 2,
584 2723 639 2778 552
922 2717 1068 2779 (l'Ihule

367 2810 392 2869 si
416 2828 455 2868 ex
479 2806 652 2867 Baehrensii
676 2806 795 2868 silentio
820 2808 934 2888 aliquid
966 2807 1142 2870 concludere
1165 2808 1241 2868 licet.
1288 2808 1343 2868 Vel
1367 2828 1405 2868 ea
1428 2808 1483 2868 hac

368 2897 471 2957 tabula
501 2896 535 2956 fit
565 2896 755 2958 manifestum
779 2897 906 2960 Statium
938 2900 1087 2976 scripsisse
1112 2892 1241 2982 ‘Thyle
1288 2897 1483 2960 confirmatur

367 2996 468 3047 autem
491 2985 567 3046 haec
589 2988 740 3048 sententis
764 3008 798 3048 eo
822 2987 902 3068 quod
927 2990 1014 3049 stiam
1039 2987 1119 3068 apud
1144 2997 1257 3048 ceteros
1280 2996 1384 3067 poetas
1404 2988 1483 3048 Lati·

364 3098 416 3138 nos
447 3076 522 3136 haec
553 3075 646 3140 forma
678 3079 818 3139 occurrit:
850 3079 941 3156 Verg.
971 3098 1073 3157 georg.
1097 3077 1111 3136 I
1136 3080 1177 3139 30
1212 3077 1315 3163 Thyle
1345 3078 1413 3136 libri
1438 3097 1482 3136 se-

367 3165 496 3227 cundum
513 3164 714 3228 Ribbeckium
739 3187 841 3228 omncs
865 3167 1019 3244 exhibent,
1045 3169 1101 3226 nisi
1125 3165 1204 3247 quod
1228 3168 1258 3227 in
1276 3166 1408 3228 Medicao
1432 3187 1482 3226 ex·

363 3265 438 3316 stata
462 3255 639 3318 THYLAII.
686 3256 815 3318 Deinde:

453 3345 503 3410 Sil.
528 3346 565 3410 It.
590 3347 621 3407 II
646 3351 725 3407 5972
750 3347 819 3410 FV:
844 3347 947 3426 thylen
969 3345 1037 3408 LO:
1061 3345 1156 3406 thilen
1541 3410 1546 3420 ⁸

452 3434 494 3498 id.
518 3434 611 3495 XVII
632 3439 713 3498 416:
738 3435 777 3498 F:
810 3436 885 3515 tylos
910 3436 978 3500 OV:
1012 3435 1080 3495 tiles
1111 3436 1151 3496 L:
1176 3436 1228 3496 tile
1256 3438 1309 3517 (=
1330 3435 1481 3515 Thylae?)

365 3526 419 3586 ubi
432 3525 559 3605 vulgata
575 3525 662 3585 lectio
678 3525 737 3585 tuit
754 3521 892 3611 ‘Thulen'
910 3535 940 3585 et
957 3519 1108 3610 ‘Thales'3
1133 3535 1213 3585 recte
1230 3533 1329 3586 nutem
1347 3526 1481 3586 Bauerus

365 3615 511 3684 Graecam
534 3615 662 3677 litteram
687 3616 825 3677 restituit.
871 3615 1027 3674 Sufficiant
1049 3616 1164 3695 opinor,
1190 3635 1265 3696 quos
1287 3615 1384 3697 attuli,
1408 3616 1480 3676 loci:

363 3725 450 3791 nemo
473 3704 602 3767 vetabit:
627 3703 727 3784 Thyle
750 3704 840 3764 scribi
863 3706 895 3763 in
918 3704 1011 3766 silvis.

455 3794 597 3854 Minatias
621 3813 686 3854 esse
706 3814 785 3874 qnae
809 3794 966 3875 hucusque
989 3797 1115 3854 tractavi
1130 3815 1184 3856 suo
1198 3796 1264 3856 iure
1279 3794 1347 3874 quis
1363 3793 1480 3858 dixerit.

367 3884 483 3944 Tamen
506 3904 565 3944 non
588 3904 710 3964 prorsus
738 3885 811 3944 talia
842 3895 912 3945 sunt
943 3884 1120 3966 spernanda.
1168 3886 1308 3963 Augetur
1338 3886 1416 3944 enim
1440 3885 1482 3944 sic

367 3972 549 4034 Graecarum
572 3975 734 4034 lormarum
755 3993 906 4058 numerus,
931 3995 1058 4055 quarum
1074 3975 1240 4054 permultae
1256 3972 1337 4054 apud
1354 3975 1481 4036 Statium

365 4071 494 4126 exstant.
542 4063 696 4124 Nonnulla
724 4062 812 4124 huius
835 4067 955 4144 generis
979 4065 1100 4141 collegit
1122 4061 1397 4144 Lehnnneuriusl),
1428 4062 1482 4124 sed

360 4173 423 4212 rem
455 4153 576 4213 minime
608 4152 754 4217 exhausit.
809 4152 917 4214 Omisit
948 4155 1024 4214 enim
1063 4155 1155 4214 ferma
1178 4173 1276 4227 voces,
1308 4156 1339 4213 in
1371 4153 1481 4233 quibus

361 4241 479 4304 Graeca
509 4243 717 4305 terminatione
748 4245 844 4306 utitur
874 4244 1003 4318 Statius,
1028 4263 1128 4324 neque
1150 4243 1364 4305 vocabulorum
1388 4242 1480 4302 Grae·

451 4436 471 4508 ¹)
492 4435 524 4492 ds
544 4434 628 4494 Statii
647 4435 707 4494 vite
726 4441 756 4494 et
775 4435 913 4510 operibus.
931 4435 1066 4508 Repellac
1086 4437 1154 4493 1878
1172 4453 1198 4508 p.
1218 4437 1259 4494 78.
1279 4437 1341 4494 adn.
1360 4438 1386 4494 1.
