3440 5096
809 411 1026 470 ..20-

358 586 472 646 teribus
496 584 649 665 planitiem
673 585 799 665 rupibus
820 587 965 646 contineri
990 585 1065 647 dixit
1087 601 1185 667 poeta,
1210 591 1268 651 iam
1292 591 1381 671 quale
1404 590 1474 652 litus

358 685 465 735 terrem
489 694 594 734 versus
620 674 709 735 luerit
734 676 865 755 exponit.
914 674 1036 757 Scopuli
1064 676 1226 752 pendentes
1253 678 1295 740 ibi
1323 681 1476 742 imminent

357 765 445 827 litori.
489 769 590 844 Atque
613 764 702 823 villee
726 783 881 823 ascensum
906 764 1032 825 arduum
1055 764 1148 825 fuisse
1172 771 1361 843 cognoscitur
1384 790 1421 832 ex
1444 791 1473 834 v.

359 857 400 916 30
417 875 461 934 sq.
498 854 603 914 Restat
625 851 699 913 illud
723 855 760 919 in
777 860 889 926 terras,
912 853 991 934 quod
1007 855 1096 913 variis
1120 857 1297 919 coniecturis
1320 868 1476 922 tentavere

357 945 415 1003 viri
438 943 525 1006 docti.
571 948 671 1023 Atque
693 939 890 1004 Marklandus
918 942 1047 1023 quidem,
1076 961 1257 1021 quamquam
1289 947 1358 1006 ferri
1389 969 1475 1029 posse

358 1034 502 1094 librorum
518 1033 674 1092 lectionem
690 1052 749 1092 non
766 1033 897 1110 negavit,
917 1032 1052 1099 ulterius
1068 1031 1238 1112 proposuit:
1261 1033 1351 1110 plane
1367 1036 1475 1098 falsam

362 1125 539 1184 sententiam
568 1121 669 1181 intulit
697 1129 813 1200 poetae,
840 1123 865 1181 si
893 1120 979 1181 modo
1007 1130 1075 1199 stat,
1104 1139 1194 1200 quem
1222 1139 1314 1199 supra
1338 1131 1473 1205 exposui,
1522 1155 1524 1162 .

358 1213 526 1292 explicatio.
574 1213 601 1270 Α
629 1209 685 1268 1οοὶ
714 1230 805 1271 sensu
832 1209 914 1270 hand
937 1220 1015 1270 esset
1037 1209 1182 1270 absonum
1214 1209 1363 1294 interius,
1393 1215 1473 1294 quod

359 1301 562 1360 Baehrensius
585 1301 767 1375 excogitavit
789 1320 850 1359 non
864 1300 1062 1376 ineleganter,
1087 1309 1186 1358 tamen
1208 1308 1323 1379 praeter
1346 1307 1474 1364 necessi·

359 1401 469 1448 tatem:
486 1388 563 1447 idem
581 1389 658 1447 enim
675 1388 811 1469 estquod
827 1390 865 1473 (in
879 1384 993 1468 terras’,
1008 1390 1033 1447 si
1049 1408 1168 1449 sensum
1184 1387 1278 1448 solum
1294 1399 1470 1470 spectamus.

358 1475 528 1538 Marklandi
553 1476 660 1536 deinde
684 1478 818 1555 vestigiis
834 1479 972 1538 insistens
989 1475 1214 1556 Grasbergerus
1239 1478 1270 1554 (l.
1295 1479 1314 1540 l.
1338 1499 1368 1559 p.
1394 1481 1471 1562 420)

358 1569 522 1647 speciosam
547 1567 701 1647 proposuit
724 1568 939 1628 coniecturam:
964 1567 1051 1635 inter
1073 1589 1183 1652 aquus.
1230 1566 1289 1629 Sed
1313 1568 1390 1648 qnod
1413 1579 1471 1629 tra·

359 1657 453 1716 ditum
478 1668 530 1730 est,
555 1657 661 1736 utique
684 1666 729 1716 est
751 1655 947 1718 retinendum.

451 1749 498 1809 17.
518 1748 628 1832 pretio
646 1747 753 1831 prima
769 1746 843 1812 loci:
869 1747 997 1831 pomino
1012 1747 1169 1813 testudine
1191 1749 1323 1831 tument
1345 1747 1473 1815 balneo:

360 1838 402 1896 sic
425 1846 507 1896 recte
529 1837 715 1914 interpunxit
738 1833 907 1896 Gronovius
930 1835 1029 1914 (distr.
1054 1837 1068 1896 I
1091 1857 1121 1915 p.
1149 1832 1235 1916 180).
1283 1835 1359 1896 Nem
1384 1857 1473 1917 appo·

359 1927 474 1986 sitionis
491 1925 587 1984 locum
604 1935 707 1984 tenent
724 1924 816 1984 verba
831 1925 900 1992 illa:
924 1927 1023 2003 gratia
1039 1926 1134 2004 prima
1150 1925 1216 1988 loci.
1251 1924 1353 1985 Prima
1376 1935 1480 1988 auteur

359 2017 459 2092 gratie
485 2025 530 2075 cst
554 2034 590 2072 ea
607 2034 684 2093 quae
701 2015 797 2093 prima
813 2012 999 2074 advenientia
1016 2015 1110 2074 oculis
1126 2013 1311 2077 obversatur.
1345 2017 1477 2099 fumant

359 2105 491 2171 balnea:
514 2103 675 2177 ct.13,43
701 2123 739 2162 an
763 2123 842 2183 quae
858 2093 1013 2181 graminea
1034 2113 1172 2179 suscepta
1187 2102 1337 2179 crepidine
1360 2104 1477 2165 fument
1584 2170 1586 2176 y

359 2192 477 2252 belnee.
509 2227 546 2237 --
572 2194 615 2252 De
639 2191 747 2252 eisdem
774 2191 887 2252 balneis
911 2191 981 2252 dicit
1004 2203 1091 2269 poeta
1114 2191 1161 2253 111
1188 2193 1298 2275 1,101:
1326 2196 1420 2276 (curvi
1444 2204 1477 2256 tu

363 2282 459 2342 litoris
482 2301 534 2341 ora
557 2281 687 2340 clausisti
713 2280 824 2340 calidas
847 2283 967 2359 gemina
990 2281 1142 2342 testudine
1164 2275 1333 2363 nymphas‘.
1359 2283 1477 2344 testudo

362 2372 455 2448 igitur
478 2391 531 2451 pro
556 2371 667 2431 fornice
690 2380 868 2451 usurpatur3
894 2373 937 2430 sic
960 2371 1040 2452 apud
1058 2371 1241 2448 Vergilium:
1267 2373 1340 2431 Aen.
1365 2372 1477 2454 I,505:

362 2459 459 2522 media
483 2459 632 2520 testudine
655 2461 768 2538 templi.
818 2461 903 2521 Varr.
929 2460 1011 2523 der.
1035 2483 1057 2524 r.
1083 2459 1130 2519 111
1154 2464 1215 2534 5‚1.
1243 2465 1295 2538 d,4
1319 2460 1357 2519 sl.

452 2554 503 2615 18.
532 2557 561 2616 et
589 2572 604 2616 c
635 2551 731 2616 terris
762 2551 901 2617 occurrit
931 2550 1034 2618 dulcis
1065 2571 1175 2618 umero
1206 2550 1348 2634 nympha
1377 2550 1477 2616 muri:

364 2660 389 2724 ‘e
412 2634 544 2698 thermis'
572 2640 698 2698 coniecit
720 2638 892 2700 [ludovicus
910 2640 1024 2700 Polster
1049 2639 1130 2699 haud
1154 2638 1240 2702 male.
1252 2636 1277 2718 1)
1313 2637 1372 2698 Sed
1395 2638 1479 2698 nulla

361 2749 434 2811 opus
464 2739 508 2788 est
536 2729 707 2790 mutatione.
753 2729 810 2789 Per
838 2749 870 2788 se
899 2730 978 2790 enim
1010 2729 1196 2807 intellegitur
1223 2748 1239 2787 e
1269 2727 1382 2788 balneis
1412 2746 1478 2807 pro·

359 2819 452 2878 fluere
481 2817 596 2877 dulcem
625 2837 734 2897 aquem
763 2838 862 2898 neque
877 2820 920 2878 in
948 2820 1128 2899 repetitione
1154 2819 1235 2878 vocis
1266 2812 1361 2903 tterra’
1387 2816 1478 2876 offen·

361 2905 489 2967 dendum
512 2927 574 2968 esse
598 2906 780 2967 adnotavere
804 2928 868 2968 oum
886 2907 1057 2986 Handius2)
1075 2919 1135 2969 tum
1154 2902 1338 2984 Grossius.⁸)
1378 2907 1478 2986 Atque

360 2999 525 3057 necessario
541 2998 703 3077 opponitur
727 3017 807 3078 aqua
830 3020 845 3063 e
868 3003 956 3066 iecra
972 2997 1127 3058 exundans
1143 2998 1227 3059 mari,
1244 2996 1387 3081 nympha
1409 2994 1479 3056 inde

361 3108 379 3145 e
402 3087 526 3146 Barthio
552 3086 643 3164 vulgo
668 3095 862 3165 corrumpunt
885 3089 915 3146 in
945 3082 1097 3167 ‘lymphass
1121 3105 1294 3166 quanquam
1311 3086 1479 3148 Gronovius

362 3177 460 3254 (distr.
486 3176 500 3235 I
524 3197 552 3256 p.
580 3175 654 3255 178)
671 3175 810 3234 traditam
826 3177 983 3237 lectionem
1006 3188 1087 3238 recte
1113 3175 1261 3239 defendit:
1286 3175 1321 3242 el.
1344 3176 1359 3234 I
1384 3176 1477 3250 &372

361 3266 483 3325 emissas
507 3285 560 3345 per
586 3275 692 3324 cuncta
716 3265 827 3325 cubilis
842 3265 999 3346 nymphas.
1027 3266 1075 3325 III
1102 3268 1194 3340 1,101
1221 3264 1351 3326 clausisti
1367 3263 1479 3324 calidas

360 3356 481 3432 gemina
501 3353 649 3414 testudine
673 3355 828 3434 nymphas.
867 3357 954 3417 Mart.
981 3355 1025 3414 Vl
1041 3359 1134 3433 43,2=
1160 3373 1294 3435 canoque
1309 3354 1479 3434 sulphureis

360 3444 493 3524 nymphe
521 3454 642 3504 natatur
666 3445 761 3524 equis.
790 3443 830 3506 id.
861 3445 903 3504 Vl
934 3449 1023 3525 47,1;
1048 3443 1086 3508 ci.
1111 3442 1307 3506 Frisdlsndar
1330 3443 1369 3504 ad
1392 3444 1478 3507 Mart.

361 3543 453 3614 spect.
482 3535 553 3612 12‚1
581 3531 686 3614 (voll
710 3555 738 3612 p.
769 3535 852 3613 149).
883 3534 1083 3598 Alex.Aetol.
1104 3555 1152 3616 sp.
1177 3533 1280 3594 Parth.
1302 3538 1359 3593 14:
1385 3526 1480 3604 αὐτὸς

322 3679 326 3686 .
361 3620 437 3705 (scil.
463 3619 481 3682 ὁ
505 3617 662 3706 γαυλὸς)δ’
688 3621 718 3696 ἐς
742 3619 864 3698 νύμφας
887 3617 977 3704 ᾤχετ’
1003 3621 1191 3702 ἐφυόριάὸας
1217 3657 1259 3670 -
1282 3621 1377 3682 dulcis
1400 3641 1480 3702 aqua

361 3713 411 3790 (cf.
436 3711 451 3770 I
476 3715 504 3785 3,
531 3717 571 3774 68
596 3711 644 3793 sq)
675 3713 811 3772 nimirum
841 3734 877 3773 ee
905 3724 949 3772 est
974 3733 1053 3794 quse
1077 3733 1093 3774 e
1116 3713 1238 3774 thermis
1263 3711 1375 3774 defluit.
1424 3711 1480 3772 Vel

360 3801 429 3862 hinc
457 3803 647 3878 cognoscitur
670 3821 771 3861 errare
795 3803 966 3863 Belochium
992 3802 1026 3884 (Ι.
1051 3803 1070 3866 l.
1096 3824 1125 3883 p.
1152 3799 1240 3884 271),
1265 3822 1332 3862 oum
1356 3800 1393 3861 de
1415 3800 1479 3860 bal-

360 3892 423 3950 neis
446 3892 567 3951 marinis
590 3891 683 3951 verbe
705 3891 787 3951 fecit.

451 4137 473 4238 ζ)
492 4135 668 4260 queeptiones
687 4134 831 4261 Spatisnee
850 4135 898 4191 tv.
919 4154 1012 4208 progr.
1033 4137 1212 4194 Inowrsclow
1233 4138 1301 4192 1890
1320 4155 1346 4207 p.
1366 4141 1390 4193 6.

452 4279 462 4310 ³
491 4210 703 4334 lilliseerlvtdtdinid
724 4249 754 4333 in
767 4278 852 4334 Statii
874 4278 952 4337 silvis
966 4282 1112 4351 specimen.
1126 4279 1190 4339 diss.
1200 4281 1291 4340 Berol.
1306 4283 1383 4336 1861.
1396 4297 1422 4349 p.
1440 4281 1480 4334 ll.

362 4349 394 4406 cf.
415 4350 498 4406 etiam
517 4349 552 4406 H.
573 4349 675 4420 Miiller
694 4351 712 4408 l.
732 4351 750 4408 1.
769 4367 796 4422 p.
816 4352 857 4408 lu.
