3440 5096
690 458 906 518 ..57-

345 645 394 702 29.
420 648 452 700 at
474 639 600 700 laterum
624 658 730 720 passus
753 638 824 698 binc
846 638 931 699 Julie
954 647 1032 699 tecta
1054 645 1186 713 tuentur,

420 729 503 790 illinc
525 729 666 808 belligeri
689 728 824 788 sublimis
847 730 933 806 regia
955 728 1052 809 Pauli,

421 831 508 896 terga
531 828 627 900 peter,
651 817 823 898 blandoque
846 817 929 878 videt
952 816 1116 880 Concordia
1138 817 1235 879 vultu.

326 911 400 970 Item
436 910 667 989 transpositione
697 907 771 968 mibi
802 928 875 984 opus
911 928 978 968 esse
1016 906 1134 967 videtur
1173 908 1212 974 in
1246 908 1356 974 balneo

239 998 371 1068 Claudii
386 999 520 1066 Etrusci
537 996 567 1080 (Ι
584 999 625 1079 5).
671 998 798 1074 Legitur
821 997 864 1056 ibi
887 1007 957 1078 post
979 1017 1154 1058 marmorum
1178 997 1355 1076 pretiosissi-

238 1111 360 1170 morum,
386 1089 495 1170 quibus
518 1089 686 1148 thermulae
712 1087 785 1146 illae
807 1089 970 1148 instructae
1001 1097 1070 1148 sunt
1102 1087 1355 1146 enumerationem

236 1202 264 1240 v.
290 1183 434 1242 41-46:

610 1287 670 1326 non
693 1267 807 1326 lumina
830 1276 956 1348 cessant,

370 1357 515 1435 effulgent
539 1357 684 1437 camerae,
708 1357 791 1417 vario
814 1357 938 1433 fastigia
960 1358 1038 1416 vitro

373 1449 406 1506 in
428 1450 543 1527 species
567 1447 727 1526 animoque
750 1448 853 1509 nitent.
876 1455 978 1526 stupet
1000 1448 1064 1526 ipse
1087 1445 1190 1505 beatas

370 1537 587 1616 circumplexus
610 1557 683 1616 opes
706 1557 741 1598 ac
765 1537 883 1616 parcius
905 1538 1034 1615 imperat
1056 1536 1144 1612 ignis.

293 1631 345 1690 45.
370 1626 480 1686 multus
503 1625 616 1706 ubique
639 1624 712 1700 dies,
737 1625 829 1685 radiis
851 1627 904 1686 ubi
927 1626 1057 1686 culmina
1081 1627 1151 1685 totis

371 1715 503 1795 perforat
526 1725 619 1795 atque
643 1716 701 1776 alio
726 1716 770 1775 sol
794 1715 947 1794 improbus
970 1717 1067 1774 uritur
1090 1726 1184 1776 aestu.

330 1858 420 1901 versu
433 1845 472 1901 41
487 1841 613 1900 inlibris
630 1850 740 1901 exstat:
762 1839 917 1926 (leontina.
954 1841 1022 1900 Itali
1040 1842 1205 1902 coniecere:
1224 1835 1357 1923 ‘limina’

241 1929 321 2010 quod
345 1932 517 2010 nuperrime
540 1929 675 1990 defendit
699 1932 847 1990 Henricus
864 1931 1007 1991 Miillerus
1024 1930 1055 2006 (l.
1072 1931 1091 1992 l.
1107 1951 1135 2008 p.
1154 1932 1194 1990 30
1211 1932 1281 2008 sq),
1307 1932 1359 2008 qui

244 2022 363 2100 quaerit
386 2018 459 2099 quid
482 2022 513 2079 in
537 2020 675 2079 fenestris
699 2022 737 2078 sit
752 2020 944 2080 memorabile
960 2029 1012 2079 aut
1027 2020 1198 2098 pretiosum.
1230 2020 1360 2077 ddinime
1415 2093 1418 2099 .

242 2129 315 2170 vero
340 2117 411 2190 apta
434 2120 479 2169 est
501 2109 577 2168 baec
600 2111 745 2188 quaestio.
792 2110 871 2168 Nam
894 2113 1000 2190 quanti
1016 2110 1143 2168 Romani
1166 2109 1309 2187 imprimis
1329 2110 1361 2166 in

244 2200 358 2259 balneis
382 2201 606 2258 aestimaverint
629 2199 754 2259 multum
778 2199 879 2258 lumen
902 2202 1022 2274 intrare,
1046 2197 1076 2256 id
1100 2199 1229 2256 maxime
1244 2197 1277 2254 fit
1292 2217 1359 2276 per-

241 2290 376 2369 spicuum
401 2309 439 2347 ex
461 2288 593 2349 Senecae
617 2291 701 2368 epist.
719 2293 769 2364 86,
789 2291 823 2348 8:
851 2308 938 2374 tnunc
958 2288 1100 2347 blattaria
1115 2295 1225 2346 vocant
1241 2285 1359 2360 balnea,

241 2382 265 2439 si
290 2398 350 2458 qua
374 2398 434 2438 non
457 2379 500 2436 ita
524 2387 628 2458 aptata
651 2389 730 2453 sunt,
754 2388 789 2438 ut
812 2381 902 2438 totius
933 2377 993 2437 diei
1022 2378 1114 2437 solem
1136 2377 1274 2436 fenestris
1298 2396 1359 2434 am·

244 2460 385 2550 plissimis
408 2467 562 2546 recipiant,
586 2469 641 2527 nisi
666 2478 695 2528 et
718 2469 859 2527 lavantur
881 2468 969 2527 simul
993 2476 1023 2526 et
1046 2467 1225 2538 colorantur,
1249 2467 1361 2525 nisiex

244 2558 318 2618 solio
346 2578 434 2635 agros
462 2566 492 2616 et
514 2560 608 2616 maria
631 2553 836 2638 prospiciunt’.
869 2568 900 2616 et
922 2555 1032 2616 ibidem
1057 2555 1147 2635 paulo
1170 2555 1249 2613 infra
1273 2551 1359 2638 (11):

245 2656 386 2734 ⁸quantae
409 2666 489 2706 nuno
512 2647 624 2726 aliquis
648 2647 770 2706 damnat
793 2648 969 2706 rusticitatis
993 2646 1170 2725 Scipionem,
1196 2642 1276 2723 quod
1299 2665 1360 2703 non

244 2741 275 2796 in
300 2735 462 2795 caldarium
488 2755 574 2795 suum
597 2737 666 2794 latis
687 2736 893 2816 specularibus
915 2735 992 2794 diem
1008 2734 1180 2795 admiserat:
1206 2733 1285 2813 quod
1302 2754 1362 2793 non

160 2849 164 2853 ’
246 2831 277 2886 in
301 2826 395 2885 multa
417 2825 484 2885 luce
508 2825 731 2904 decoquebatur
755 2835 785 2883 et
808 2825 1012 2904 exspectabat,
1043 2827 1131 2883 utin
1161 2824 1270 2882 balneo
1294 2843 1358 2896 con-

246 2912 407 2995 coqueret'.
463 2914 561 2973 Etiam
590 2915 666 2974 Plin.
699 2915 785 2993 epist.
810 2914 826 2972 Ι
850 2918 879 2985 3,
905 2919 919 2973 1
952 2914 1104 2973 balineum
1135 2911 1249 2986 laudat,
1282 2911 1361 2991 quod

249 3004 493 3091 ¹plurimumsol
524 3003 626 3079 implet
657 3013 686 3061 et
716 2997 871 3066 circumit'.
926 3004 1027 3082 Atque
1058 3002 1203 3062 Martialis
1234 3001 1271 3060 de
1297 3003 1362 3080 ipso

244 3096 363 3156 Etrusci
386 3094 495 3154 balneo
519 3093 590 3152 dicit
614 3092 657 3152 VI
681 3097 766 3168 42,8
783 3111 845 3173 sq.:

481 3237 628 3298 nusquam
652 3226 712 3277 tam
735 3218 863 3278 nitidum
885 3226 973 3277 vacat
995 3237 1143 3283 serenum.

479 3309 533 3368 lux
555 3311 621 3389 ipsa
645 3317 689 3367 est
711 3309 753 3368 ibi
777 3309 896 3385 longior
920 3306 1044 3386 diesque

446 3435 460 3456 a
479 3397 562 3457 nullo
585 3397 699 3457 tardius
723 3419 741 3456 a
764 3398 828 3457 loco
851 3396 972 3459 recedit.

335 3525 419 3601 Ergo
444 3543 504 3581 non
528 3522 690 3604 dubitabis
715 3525 788 3602 quin
812 3523 1010 3583 fenestrarum
1026 3521 1143 3582 laudari
1159 3522 1290 3598 potuerit
1305 3542 1364 3579 am·

245 3614 373 3696 plitudo.
420 3611 529 3692 Neque
551 3621 674 3693 propter
691 3613 941 3690 magnificentiam
958 3633 1018 3672 non
1035 3613 1212 3684 efferuntur3
1236 3609 1266 3669 id
1284 3609 1363 3690 quod

251 3709 316 3784 ipse
340 3702 486 3763 Millerus
510 3701 655 3773 concedit,
680 3723 747 3762 cum
770 3701 898 3777 Qucckii
924 3703 966 3785 (p.
991 3699 1037 3785 X)
1062 3710 1092 3760 et
1107 3701 1224 3762 Ottonis
1249 3700 1281 3778 (l.
1300 3701 1318 3762 l.
1337 3721 1364 3778 p.

249 3790 326 3875 372)
361 3795 561 3853 coniecturam
590 3813 619 3852 v.
645 3794 685 3852 43
714 3789 865 3876 ¹auroque'
890 3792 1007 3871 probat.
1054 3789 1113 3851 Sed
1144 3788 1291 3869 quomodo
1321 3789 1365 3846 illi
1388 3786 1391 3792 ’

249 3887 482 3963 interpretentur
497 3880 587 3946 illud:
611 3882 650 3947 ta
665 3882 781 3965 species
796 3882 912 3963 niteat,
937 3901 995 3940 non
1011 3881 1115 3960 liquet.
1162 3880 1271 3959 Neque
1287 3880 1365 3936 enim

247 3973 318 4034 auro
344 3973 480 4045 efficitur,
505 3970 557 4030 sed
580 3971 664 4030 vario
688 3972 777 4045 vitro,
801 3979 835 4030 ut
858 3972 974 4030 niteant
994 3970 1117 4046 fastigia
1138 3971 1169 4028 in
1186 3969 1308 4050 species,
1332 3978 1366 4027 ut

247 4061 465 4144 quodammodo
489 4062 639 4120 animatae
671 4063 800 4141 speeies
816 4062 847 4118 in
877 4061 973 4119 solum
1002 4059 1120 4122 cadant.
1166 4057 1365 4134 Quamobrem

248 4171 435 4231 summopere
462 4151 535 4210 mibi
567 4149 677 4210 arridet
699 4150 860 4210 Koestlinii
868 4146 894 4228 1)
927 4151 1110 4209 coniectura:
1146 4141 1363 4234 (animasque.

247 4245 302 4304 Sat
325 4243 419 4318 igitur
441 4241 536 4300 multa
561 4248 646 4301 erant
670 4260 748 4320 quae
772 4242 804 4298 in
819 4240 957 4299 fenestris
973 4237 1178 4300 laudarentur.
1225 4235 1283 4297 Sed
1306 4238 1365 4294 iam

339 4415 361 4485 1)
379 4411 473 4484 panor.
492 4413 596 4472 xxxv
614 4415 707 4486 (rere)
726 4433 753 4486 p.
772 4414 832 4472 mr.
