3440 5096
813 445 1034 502 ...68-

365 621 429 769 (ispi
462 623 559 702 potuit
591 619 806 702 disperserunt,
839 617 876 680 de
904 619 960 680 boc
991 639 1113 701 quoque
1145 624 1211 684 loco
1242 599 1352 686 rectius
1383 590 1493 685 licebit⁸

362 731 395 771 ru
416 730 504 774 reare.

545 817 677 877 Thebais
701 825 804 897 optato
828 817 951 895 collegit
976 817 1099 878 otrbase
1123 830 1212 899 portu

472 910 523 975 90.
546 908 731 987 Parnasique
754 907 833 983 iugis
857 908 995 987 silvaque
1017 909 1194 969 Heliconide
1215 911 1298 971 festis

512 1055 516 1070 ⁴
547 1007 612 1058 tura
636 996 717 1058 dedit
740 997 863 1056 flammis
888 1007 918 1056 et
941 1000 1067 1074 virginis
1091 1011 1160 1058 exta
1183 1003 1328 1062 iuvencae

546 1087 746 1166 votiferasque
769 1107 850 1146 meas
873 1087 1029 1167 suspendit
1052 1089 1091 1148 ab
1115 1089 1221 1150 arbore
1246 1093 1347 1152 vittas.
1389 1127 1390 1130 =

364 1250 423 1310 quo
448 1231 511 1290 loeo
540 1231 604 1288 sine
632 1229 723 1287 dubio
754 1230 898 1289 librorum
929 1233 1016 1290 lectio
1046 1242 1089 1292 est
1121 1233 1291 1293 revocanda
1320 1257 1398 1315 quae
1422 1248 1481 1297 est:

363 1322 567 1404 votiferaque.
616 1317 723 1398 Neque
747 1323 824 1378 enim
849 1342 867 1377 a
891 1321 1026 1398 qualibet
1056 1322 1161 1381 arbore
1183 1325 1282 1402 potuit
1304 1329 1396 1383 vittas
1419 1347 1482 1385 sus·

363 1409 494 1489 pendere
527 1417 625 1488 poeta.
684 1410 737 1466 Est
772 1421 872 1466 autem
907 1411 1076 1469 notissimus
1113 1432 1173 1471 mos
1210 1410 1411 1474 dedicationes
1444 1415 1482 1473 ab

363 1497 521 1557 arboribus
545 1499 621 1556 sacri
646 1497 771 1556 alicuius
796 1498 855 1556 luci
878 1496 1088 1575 suspendendi.

453 1603 586 1664 Eandem
619 1603 710 1662 habet
740 1604 941 1664 Baehrensius
973 1609 1196 1666 exeusationem
1226 1610 1258 1665 in
1290 1627 1316 1671 v.
1343 1612 1382 1670 87
1416 1612 1483 1668 viae

365 1695 552 1754 Domitianae
575 1693 633 1776 (IV
650 1695 692 1772 3).
718 1693 881 1753 Volturnus
912 1694 1004 1774 longa
1028 1698 1162 1756 oratione
1186 1698 1357 1776 imperatori
1381 1708 1482 1775 grates

363 1785 426 1859 agit
448 1805 477 1846 v.
505 1789 544 1844 85
562 1804 606 1864 sq.

517 1914 577 1973 85.
603 1919 633 1968 et
655 1929 735 1968 nunc
759 1909 852 1970 limite
875 1931 923 1969 me
945 1912 1017 1971 colis
1042 1913 1129 1972 beato

600 2019 656 2058 nee
678 1999 799 2060 sordere
822 2001 894 2060 sinis
919 2001 1088 2080 malumque
1112 2002 1173 2061 late

601 2089 740 2168 deterges
764 2091 872 2148 sterilis
896 2091 951 2148 soli
974 2090 1127 2171 pudorem,

600 2200 638 2238 ne
661 2200 709 2238 me
732 2180 907 2260 pulvereum
931 2200 1116 2261 gravemque
1139 2200 1231 2240 caeno

527 2273 576 2332 89.
600 2269 750 2348 Tyrrheni
773 2271 856 2329 sinus
878 2270 985 2329 obruat
1008 2269 1150 2350 profundi
1171 2280 1228 2334 etc.

454 2411 542 2472 Hono
565 2403 710 2472 librorum
733 2415 904 2472 memoriam
928 2414 966 2471 ad
995 2415 1124 2474 litteram
1148 2416 1269 2474 retineri
1293 2415 1391 2477 velim.
1439 2417 1484 2474 Ae

365 2504 492 2582 primum
521 2523 550 2565 v.
578 2506 627 2563 87.
653 2513 790 2583 putorem
818 2503 849 2560 in
873 2509 989 2562 textum
1017 2499 1130 2582 recepit
1152 2504 1352 2564 Baehrensius
1379 2524 1483 2565 secun·

366 2592 435 2651 dum
459 2595 495 2654 A.
542 2592 610 2668 Qua
632 2594 660 2650 in
687 2612 719 2651 re
746 2592 824 2650 male
848 2595 918 2668 egit.
967 2593 1125 2652 Librorum
1155 2595 1233 2651 enim
1261 2594 1349 2674 lectio
1373 2597 1484 2673 optime

366 2681 485 2741 defendi
516 2692 624 2761 potest.
682 2679 830 2740 Pudorem
865 2684 907 2740 sic
942 2683 1059 2761 explico
1090 2694 1124 2741 ut
1158 2683 1305 2759 significet
1336 2683 1366 2741 id
1401 2679 1510 2763 quod*

365 2770 471 2851 pudori
495 2782 553 2829 est:
582 2791 650 2830 nam
674 2770 781 2846 puduit
807 2771 932 2830 fluvium
961 2770 1055 2831 sordis
1080 2782 1110 2830 et
1134 2773 1227 2855 caeni,
1256 2771 1286 2830 id
1311 2772 1390 2852 quod
1419 2775 1484 2852 ipse

365 2861 436 2919 dicit
458 2881 485 2922 v.
504 2865 544 2920 84
552 2879 559 2936 3
584 2861 619 2920 ef.
646 2863 733 2919 etiam
757 2861 932 2942 1111‚167.
968 2861 1157 2942 Quamquam
1180 2865 1204 2920 si
1229 2864 1295 2941 quis
1319 2856 1480 2947 pretorem'

364 2951 493 3008 seribere
509 2949 584 3022 vult,
610 2949 719 3008 habeat
735 2950 801 3015 sibi,
837 2950 897 3009 Sed
914 2960 980 3009 utut
1003 2951 1033 3010 id
1057 2963 1110 3031 est,
1132 2950 1251 3010 defendi
1274 2972 1347 3014 sane
1369 2961 1481 3031 potest:

363 3039 516 3119 pudorem.
562 3038 763 3098 Transeamus
792 3060 864 3116 ergo
888 3040 926 3099 ad
950 3062 978 3101 v.
1007 3045 1058 3102 89.
1086 3036 1215 3126 ‘obruat'
1242 3041 1387 3100 exhibent
1413 3041 1482 3100 iibri

363 3127 524 3188 secundum
564 3129 797 3209 Baehrensium,
837 3129 875 3188 ad
906 3129 1065 3189 editionem
1096 3133 1262 3190 Romanam
1301 3130 1505 3210 adscriptum

365 3229 423 3277 est:
449 3219 562 3284 obluat.
601 3218 713 3278 Notum
729 3229 775 3278 est
794 3220 966 3298 saepissime
987 3221 1101 3279 litteras
1127 3217 1155 3305 ‘l'
1182 3230 1211 3278 et
1236 3217 1268 3303 (ι’
1293 3221 1322 3278 in
1340 3221 1483 3280 silvarum

363 3307 513 3368 codicibus
542 3307 692 3367 confundi.
740 3309 939 3367 Baehrensius
967 3321 1067 3368 autern
1096 3311 1178 3368 nisus
1206 3310 1333 3369 lectione
1363 3313 1391 3370 A
1422 3312 1482 3394 ‹ab-

363 3390 434 3455 luat’
453 3399 588 3460 coniecit.
625 3397 713 3473 Quod
729 3407 809 3456 recte
826 3399 969 3457 refutavit
985 3399 1129 3475 Stangius
1153 3396 1187 3481 (l.
1207 3399 1226 3460 l.
1251 3420 1281 3479 p.
1300 3398 1365 3483 27),
1391 3420 1481 3479 quem

361 3485 591 3570 inspiciendum,
616 3507 675 3546 non
700 3487 926 3547 exscribendum
952 3508 1115 3549 censemus,
1160 3488 1275 3548 Tamen
1298 3492 1364 3568 ipse
1388 3511 1403 3548 e
1428 3511 1483 3550 sua

362 3577 533 3636 coniectura
569 3580 736 3658 proposuit:
783 3575 922 3660 ‘abnuat'
961 3577 1074 3638 diffisus
1110 3581 1248 3638 nimirum
1289 3600 1361 3638 suae
1398 3581 1483 3640 verbi

364 3663 485 3751 ‘obluat’
516 3668 756 3747 interpretationi
783 3701 819 3712 -
853 3668 909 3727 hoc
941 3670 1019 3726 enim
1048 3670 1174 3728 verbum
1207 3672 1236 3726 in
1266 3669 1349 3726 libris
1380 3689 1482 3728 exara·

361 3768 425 3814 tum
461 3777 525 3816 esse
557 3757 708 3818 contendit
747 3757 885 3834 neglecta
923 3758 1097 3816 Baehrensii
1137 3757 1329 3816 adnotatione
1372 3761 1482 3822 critica.

360 3843 419 3906 Sed
445 3866 461 3906 a
490 3845 600 3905 tradita
628 3847 757 3906 lectione
794 3839 922 3931 toltrttttt'
950 3849 1070 3906 minime
1098 3866 1162 3907 esse
1185 3845 1385 3907 recedendum
1409 3848 1482 3907 mihi

361 3935 481 4014 quidem
505 3957 558 4015 pro
588 3936 742 4016 explorato
767 3949 821 3998 est.
868 3935 976 3996 Obruit
1005 3946 1104 3994 autem
1130 3956 1210 3995 mare
1234 3936 1357 3996 fluvium
1382 3940 1481 3996 arenis

360 4026 483 4084 obiectis
500 4044 579 4107 qnae
602 4028 633 4085 in
649 4026 770 4084 flumine
786 4028 953 4106 rapiuntur.
993 4025 1059 4100 Quo
1075 4034 1231 4106 perspecto
1247 4027 1306 4085 iam
1323 4031 1482 4107 sequentia

360 4115 469 4174 rectius
497 4114 599 4172 licebit
630 4135 816 4192 cognoscere.
865 4115 1020 4173 Brandesii
1049 4119 1128 4175 enim
1157 4118 1415 4192 transpositionem
1442 4153 1479 4162 -

360 4203 440 4262 hunc
471 4213 570 4264 autem
603 4204 736 4264 ordinem
768 4224 909 4263 versuum
941 4205 1156 4265 restituendum
1189 4207 1319 4266 censuit:
1353 4209 1403 4267 87.
1428 4210 1479 4268 90.

361 4296 413 4353 91.
432 4297 482 4358 88.
500 4298 550 4358 89.
567 4329 608 4340 -
626 4313 808 4376 quamquam
829 4295 949 4355 minime
967 4295 1110 4374 Stangius
1128 4295 1281 4371 refutavit,
1305 4298 1330 4356 si
1348 4289 1477 4385 ⁸obruad

359 4383 530 4460 retinemus,
555 4385 645 4444 etiem
661 4384 719 4445 hoc
742 4383 857 4446 medela
873 4384 1003 4447 libenter
1025 4384 1200 4450 carebimus.
1240 4387 1325 4448 Haec
1341 4387 1479 4450 nimirum
