3440 5096
833 459 1055 519 -38..

477 635 676 721 sllrasospae:
716 635 862 700 Thasium
897 657 1025 699 marmor
1060 638 1211 718 quondam
1242 661 1310 703 raro
1339 643 1373 704 in
1403 642 1504 724 aliquo

383 725 555 805 spectaculo
586 726 698 806 templo
721 745 776 786 sua
799 727 983 806 potissimum
1007 728 1046 787 ab
1070 737 1169 789 aetate
1191 732 1223 790 in
1246 749 1302 792 usu
1325 732 1415 794 fuisse
1435 753 1503 794 auc·

383 824 429 874 tor
456 824 501 876 est
522 815 590 880 Sen.
615 818 700 897 epist.
725 820 778 898 86,
794 820 822 878 6.
848 815 884 878 ct.
910 817 924 876 Ι
949 824 978 891 5,
993 821 1044 880 34.
1092 818 1168 880 Pliu.
1193 819 1337 882 XXXVI
1347 829 1399 885 44.

472 908 522 968 93.
555 913 583 972 ot
612 903 707 972 Chios
738 912 766 972 ot
793 907 940 992 quadros
963 907 1083 986 strictam
1106 916 1246 992 spectaro
1270 908 1436 997 Carystos:
1466 912 1522 985 dei

383 992 457 1054 Chio
489 994 589 1074 lepide
621 994 657 1054 cl.
690 995 734 1054 IV
759 1001 789 1064 2,
809 999 859 1058 28.
907 996 984 1060 Plin.
1011 997 1041 1056 lr.
1067 1018 1095 1060 n.
1122 997 1236 1060 V136.
1283 1002 1388 1064 Altera
1419 1012 1504 1082 parte

382 1105 487 1146 versus
519 1083 702 1145 subindicari
733 1104 862 1146 marmor
895 1085 1062 1166 Caryatium
1095 1086 1156 1147 sole
1187 1087 1297 1150 clarius
1334 1102 1388 1156 est.
1444 1090 1502 1152 Sed

384 1173 532 1254 quomodo
556 1172 630 1232 illud
655 1170 811 1256 ‘spectare'
836 1176 874 1236 sit
898 1176 947 1234 vel
971 1174 1182 1256 explicandum
1210 1180 1259 1236 vel
1282 1181 1307 1238 si
1331 1191 1502 1262 corruptum

384 1272 442 1344 est,
474 1261 693 1324 emendandum
725 1265 854 1324 maxime
885 1265 1055 1343 ambigitur.
1103 1268 1203 1345 Atque
1232 1266 1388 1344 vulgatam
1412 1272 1502 1330 inter·

382 1356 579 1432 pretationem
603 1349 700 1410 denuo
724 1353 848 1431 protulit
871 1354 1098 1433 Bitschofskyus
1107 1351 1147 1438 ¹),
1180 1356 1232 1435 qui
1256 1354 1293 1414 ad
1318 1361 1449 1436 speciem
1473 1369 1503 1418 et

383 1441 512 1502 colorem
536 1439 645 1520 lapidis
669 1441 795 1500 verbum
825 1441 900 1502 illud
928 1442 1117 1502 referendum
1147 1463 1212 1504 esse
1239 1447 1363 1504 censuit.
1411 1448 1501 1506 Ref-

382 1541 462 1590 tatus
485 1538 586 1590 entem
609 1539 655 1590 est
677 1530 838 1589 aMiillero
863 1529 896 1611 (l.
920 1530 937 1592 l.
961 1550 991 1609 p.
1018 1530 1083 1614 24),
1108 1534 1160 1611 qui
1184 1534 1248 1593 eius
1272 1534 1500 1613 explicationem

383 1620 466 1679 nullo
490 1618 576 1679 modo
600 1620 671 1680 ferri
694 1638 782 1698 posse
806 1628 887 1678 certa
910 1620 1026 1678 ratione
1042 1619 1266 1686 demonstravit.
1305 1623 1421 1682 Tamen
1437 1625 1501 1702 ipse

381 1710 413 1768 in
438 1729 473 1769 eo
498 1711 608 1768 erravit
631 1707 710 1787 quod
736 1706 774 1766 ad
798 1711 925 1769 colorem
945 1717 1080 1784 spectare
1096 1708 1166 1768 dicit
1183 1710 1263 1770 hunc
1278 1699 1389 1771 locums
1425 1704 1498 1771 Bur·

382 1799 483 1857 sianus
507 1798 537 1878 (l.
562 1799 582 1860 l.
607 1798 639 1857 Π
661 1817 690 1877 p.
716 1797 792 1875 298)
817 1799 896 1858 enim
920 1799 1034 1858 monuit
1057 1818 1185 1860 marmor
1205 1799 1372 1879 Caryatium
1397 1799 1499 1884 (bodie

383 1884 537 1969 cipollino)
563 1885 722 1948 candidum
746 1907 813 1948 esse
835 1889 1094 1970 interspersasque
1114 1888 1227 1948 habere
1245 1909 1336 1950 venas
1351 1889 1499 1950 undarum

382 1980 414 2036 in
436 1976 555 2037 modum
585 1979 673 2057 quasi
699 1977 880 2038 fluctuantes
911 1979 1069 2058 coloreque
1092 1977 1212 2042 virides.
1263 1980 1370 2059 Itaque
1393 1988 1423 2038 et
1442 1982 1500 2039 tor-

382 2087 460 2127 mam
484 2087 587 2127 earum
611 2077 642 2126 et
669 2068 798 2127 colorem
829 2069 977 2146 respicere
1008 2069 1106 2148 potuit
1136 2077 1233 2147 poeta.
1281 2068 1318 2130 cf.
1343 2069 1387 2128 IV
1401 2070 1500 2150 2,29:

384 2157 521 2240 ‘glaucae
545 2157 690 2216 certantia
706 2156 799 2218 Dordi
823 2151 921 2219 saxa':
947 2158 1093 2217 certantia
1112 2177 1171 2216 non
1201 2158 1307 2232 colore,
1331 2156 1383 2218 sed
1406 2158 1501 2221 forma

382 2247 501 2305 illarum
532 2246 689 2306 linearum.
735 2246 799 2319 la,
822 2250 896 2309 148:
929 2246 1065 2306 concolor
1096 2247 1160 2314 alto
1182 2268 1261 2309 vena
1284 2249 1377 2316 mari.
1424 2246 1532 2308 Con-⁸

381 2336 517 2395 similiter
540 2343 631 2415 atque
654 2336 710 2395 boc
730 2336 795 2395 loco
811 2336 899 2398 Mart.
915 2334 987 2415 Cap.
1007 2335 1051 2395 VI
1065 2341 1127 2398 659
1145 2332 1197 2420 (ol.
1215 2336 1320 2418 Haupt
1337 2357 1438 2413 opusc.
1455 2337 1502 2397 III

381 2444 412 2505 p.
452 2429 512 2486 129
541 2428 601 2504 sq.)
637 2425 783 2504 Caryston
814 2424 961 2484 excellere
989 2424 1062 2484 dicit
1091 2445 1237 2485 marmore
1253 2426 1412 2511 fluctibus
1434 2447 1501 2486 con·

382 2514 488 2576 colore.
534 2513 633 2599 Strab.
658 2513 690 2573 X
721 2517 787 2586 1,6
814 2536 844 2593 p.
870 2517 946 2574 446.
994 2512 1156 2591 Κάρυστος
1187 2514 1220 2575 ds'
1249 2513 1332 2576 ἐστιν
1362 2510 1425 2576 ὑπὸ
1457 2520 1502 2597 τῷ

383 2597 446 2681 ὄρει
471 2609 507 2680 τῇ
524 2597 617 2680 'Oxo'
642 2606 774 2681 πλησίον
798 2605 831 2664 dd
855 2597 893 2663 τὰ
916 2598 1024 2682 Stupri
1047 2606 1098 2664 acl
1121 2600 1159 2664 τὸ
1182 2603 1385 2682 Mopsiorum,
1417 2603 1451 2665 ἐν
1474 2627 1500 2687 ῳ
1577 2603 1581 2609 ’

382 2691 421 2753 τὸ
447 2690 600 2765 latomos
628 2697 693 2754 τῶν
717 2696 902 2770 Καρυστίων
926 2689 1058 2766 κιόνων,
1091 2688 1176 2770 ἱερὸν
1206 2690 1280 2769 ἔχον
1303 2688 1502 2768 ’Λπόλλωνος

382 2785 606 2860 Μαρμαρίνου,
640 2776 716 2844 ὅθεν
740 2778 890 2855 ὄιὰπλους
913 2784 954 2855 εἰς
974 2777 1064 2855 ‘stag
1087 2777 1142 2854 τὰς
1164 2777 1376 2861 Ἆραφηνίδας.
1425 2783 1500 2846 Stat.

381 2872 475 2934 Theb.
504 2872 564 2930 VII
586 2874 660 2932 370.
699 2871 797 2952 Lygd.
824 2870 1157 2945 3,13.Lu0.V232.
1197 2873 1266 2935 Sen.
1289 2871 1400 2933 Troad.
1426 2877 1500 2935 846.

382 2961 459 3023 Plin.
492 2961 519 3020 h.
552 2982 581 3023 n.
614 2960 755 3021 XXXVI
788 2965 839 3024 48.
870 2961 914 3021 IV
940 2965 991 3026 64.
1036 2961 1113 3025 Plin.
1147 2964 1231 3042 epist.
1265 2962 1293 3023 V
1323 2966 1352 3036 6,
1379 2964 1429 3025 36.
1461 2963 1499 3024 al.

383 3051 489 3110 Restat
512 3051 615 3110 critica
631 3052 779 3129 quaestio.
826 3049 987 3130 Spectandi
1011 3051 1135 3111 verbum
1158 3054 1190 3110 in
1210 3050 1427 3112 dubitationem
1451 3073 1501 3112 vo·

382 3160 491 3200 cavere
514 3139 599 3199 multi
623 3141 681 3199 viri
705 3139 795 3202 docti:
828 3139 1013 3200 defensorem
1041 3161 1101 3200 non
1128 3141 1244 3202 felicem
1268 3141 1417 3201 exstitisse
1440 3143 1501 3201 Bit·

383 3228 574 3309 scholskyum
613 3249 705 3309 supra
736 3229 955 3292 adnotavimus,
1018 3229 1147 3289 Proinde
1186 3228 1340 3291 videamus
1377 3231 1503 3290 nobisne

384 3319 489 3378 melius
513 3339 561 3378 res
585 3318 738 3396 procedat.
786 3318 979 3398 Lapicidinas
1001 3319 1069 3379 illas
1096 3319 1307 3380 tamosissimas
1331 3341 1424 3401 prope
1447 3319 1500 3382 Ca·

381 3416 496 3487 systum
520 3410 593 3468 sitas
615 3407 697 3468 haud
726 3408 852 3468 multum
876 3429 894 3467 a
918 3410 992 3469 mari
1021 3408 1130 3469 aluisse
1153 3410 1260 3470 scimus
1285 3430 1323 3470 ex
1347 3409 1502 3470 Strabonis

383 3498 448 3556 loco
472 3496 559 3556 modo
583 3496 684 3556 allato.
731 3497 811 3572 Quid
834 3499 928 3576 igitur
956 3499 1061 3558 mirum
1089 3500 1114 3558 si
1140 3519 1230 3585 ‘mare
1252 3493 1395 3579 spectare‘
1422 3500 1450 3563 h.
1474 3520 1500 3560 e.

381 3588 413 3645 in
436 3606 518 3646 mare
541 3588 713 3667 prospicere
737 3588 787 3666 (cf.
810 3608 840 3649 v.
867 3586 922 3670 82)
948 3586 1109 3648 dicuntur?
1155 3590 1232 3650 Nam
1251 3587 1396 3671 ‘gaudens
1419 3609 1501 3668 spec-

382 3670 455 3734 tare'
488 3685 533 3736 est
559 3670 727 3762 (spectans.
775 3678 877 3756 Atque
901 3678 978 3736 hanc
1002 3679 1154 3739 notionem
1184 3681 1280 3738 inesse
1304 3679 1335 3737 in
1359 3678 1501 3739 hocloco

382 3767 471 3825 etiam
496 3765 698 3826 Baehrensius
720 3764 828 3846 (praef.
846 3765 891 3830 ed.
910 3789 938 3847 p,
955 3767 1045 3848 XIX)
1071 3769 1228 3830 concessit:
1253 3776 1352 3826 tamen
1376 3767 1501 3828 alteram

383 3875 400 3914 e
425 3854 563 3914 Salmasii
586 3856 765 3916 coniecturis
790 3858 903 3936 recepit
925 3859 956 3916 in
980 3856 1138 3918 verborum
1171 3866 1353 3920 contextum.
1399 3856 1500 3918 Solum

382 3945 475 4023 igitur
499 3945 589 4005 situm
614 3955 704 4024 poeta
727 3945 783 4005 hoc
806 3945 870 4005 loco
894 3945 1019 4010 indicat:
1051 3967 1110 4006 non
1143 3955 1207 4006 erat
1239 3965 1330 4004 causa
1362 3966 1412 4006 our
1435 3948 1502 4008 fuse

384 4045 476 4114 atque
501 4032 642 4114 disposite
667 4033 704 4094 de
733 4035 831 4095 colore
860 4036 973 4116 ubique
1005 4035 1163 4095 dissereret
1190 4037 1221 4095 id
1246 4034 1325 4115 quod
1349 4056 1448 4116 neque
1470 4038 1501 4096 in

383 4125 496 4204 syenite
520 4143 619 4204 neque
641 4125 673 4184 in
698 4124 770 4184 Chio
791 4144 937 4185 marmore
960 4126 1040 4186 fecit.
1081 4124 1222 4185 Codicum
1237 4126 1330 4204 igitur
1345 4126 1500 4187 lectionem

382 4233 443 4273 non
466 4212 683 4272 sollicitandam
708 4235 773 4274 esse
795 4212 894 4276 iudico
918 4217 1121 4276 consentiente
1144 4215 1288 4278 Krohnio.

476 4406 496 4476 ¹)
514 4404 687 4462 Fleckeiseni
705 4423 768 4466 ann.
788 4407 862 4464 CXV
880 4405 972 4477 (1878)
990 4424 1016 4478 p.
1035 4407 1087 4462 573
1106 4423 1146 4476 sq.
