3440 5096
805 449 1025 509 ...54-

445 631 512 708 Quo
535 631 566 691 in
589 649 712 692 numero
735 648 800 690 meo
817 628 937 710 quidem
958 627 1067 690 iudicio
1084 639 1130 690 est
1150 632 1232 693 locus
1248 633 1473 695 voracissimus:

334 703 424 788 'sae
448 721 519 797 11,
535 721 676 788 18-31:

611 883 650 924 ex
672 863 765 923 vastis
788 863 910 924 Martem
934 883 994 924 non
1017 862 1106 922 altius
1129 865 1219 924 ermis

539 954 690 1014 Bistonius
714 961 815 1033 portet
837 954 956 1034 sonipes
979 972 1149 1032 magnoque
1171 954 1307 1034 superbit

463 1049 513 1108 20.
538 1042 668 1124 pondere
692 1063 747 1103 nec
771 1041 855 1102 tardo
878 1052 981 1122 raptus
1005 1063 1097 1124 prope
1119 1042 1243 1102 flumine
1266 1064 1355 1106 cursu

538 1135 633 1194 fumat
657 1142 685 1191 et
708 1133 823 1211 ingenti
846 1132 986 1213 propellit
1007 1132 1165 1211 Strymona
1188 1131 1270 1196 flatu.

538 1243 593 1302 per
617 1222 702 1300 operi
726 1220 822 1284 sedes.
847 1221 916 1282 hinc
940 1222 1031 1281 obvia
1052 1222 1156 1281 limina
1180 1220 1293 1304 pendit,

540 1312 592 1391 qui
615 1311 711 1371 lessus
735 1310 822 1370 bellis
846 1311 977 1372 adscitae
1001 1331 1124 1371 munere
1147 1310 1239 1390 prolis

539 1401 652 1481 primus
676 1401 733 1460 iter
756 1402 864 1460 nostris
887 1399 1017 1460 ostendit
1041 1403 1071 1459 in
1095 1399 1218 1460 aethere
1241 1397 1325 1462 divis.

464 1495 515 1552 25.
542 1489 663 1549 discitur
687 1509 703 1548 e
727 1488 822 1561 v'ultu,
848 1498 992 1568 quantum
1017 1497 1050 1548 tu
1073 1490 1170 1548 mitior
1194 1489 1291 1561 armis,

538 1582 590 1658 qui
613 1599 667 1639 nec
691 1579 723 1637 in
745 1587 883 1638 externos
906 1577 1001 1636 facilis
1025 1580 1140 1637 saevire
1162 1577 1277 1637 furores

539 1667 592 1728 das
616 1666 710 1729 Cattis
735 1667 886 1748 Decioque
908 1663 1006 1727 fidem.
1031 1675 1061 1727 te
1084 1668 1170 1740 signe
1192 1667 1308 1726 ferente

542 1766 571 1818 et
594 1759 689 1817 minor
712 1759 743 1817 in
766 1757 849 1831 leges
873 1757 929 1818 iret
952 1776 1045 1834 gener
1069 1764 1098 1816 et
1121 1755 1195 1817 Cato
1219 1757 1309 1837 pacis.

539 1857 570 1907 at
591 1847 717 1908 laterum
741 1866 846 1926 pausus
870 1846 939 1907 hinc
962 1846 1039 1905 lulia
1063 1854 1143 1906 tecta
1165 1854 1296 1923 tuentur,

463 1941 514 2002 30.
539 1937 621 1997 illinc
646 1935 782 2016 belligeri
805 1935 938 1998 sublimis
962 1937 1046 2013 regia
1070 1936 1166 1996 Pauli.

541 2037 628 2106 terga
652 2035 737 2107 pater
761 2025 932 2106 blandoque
955 2023 1037 2086 videt
1061 2024 1226 2087 Concordia
1248 2026 1344 2087 vultu.

449 2172 492 2230 sic
514 2170 568 2229 hos
600 2189 714 2250 versus,
746 2189 822 2249 quos
844 2177 920 2229 totos
944 2169 1113 2230 exscribere
1147 2171 1348 2252 necessarium
1378 2173 1475 2231 visum

360 2270 414 2333 est,
438 2259 638 2319 Baehrensius
666 2256 768 2322 edidit.
801 2258 860 2334 Qui
891 2269 964 2337 quot
994 2260 1074 2319 vitiis
1104 2267 1220 2318 textum
1251 2259 1307 2319 hoc
1336 2259 1401 2320 loco
1429 2262 1474 2319 in·

361 2349 531 2429 quinaverit
554 2347 665 2407 dudum
683 2349 833 2425 cognitum
851 2359 910 2424 est;
928 2348 962 2407 cf.
981 2344 1020 2412 O.
1037 2348 1196 2408 Miillerum
1213 2348 1232 2411 l.
1250 2349 1269 2412 l.
1295 2371 1323 2430 p.
1348 2353 1375 2423 9.
1392 2349 1476 2410 Sicut

358 2461 387 2500 v.
409 2442 457 2500 18.
476 2460 515 2505 ex
531 2438 630 2504 vastis
647 2473 685 2480 —-
705 2438 807 2503 armis
818 2438 935 2516 scripsit
959 2435 1062 2496 desua
1080 2439 1258 2511 coniectura,
1272 2458 1362 2517 quam
1386 2441 1475 2498 miror

360 2528 495 2587 arrisisse
517 2527 680 2586 Laurentio
698 2523 884 2604 Grasberger
916 2522 948 2610 (l.
975 2526 993 2588 l.
1017 2547 1046 2605 p.
1070 2525 1155 2606 409).
1178 2526 1286 2606 Neque
1301 2527 1475 2588 Schwartaii

359 2619 393 2697 (l.
425 2617 445 2679 l.
470 2639 498 2697 p.
534 2613 589 2699 13)
621 2617 786 2676 sententiae
817 2635 937 2695 possum
970 2615 1146 2695 adstipulari
1178 2618 1230 2696 qui
1264 2612 1382 2701 ‘armis'
1416 2637 1475 2678 non

360 2706 619 2767 denominativo:
646 2702 746 2791 ¹arme'
771 2703 823 2765 sed
847 2704 884 2764 de
909 2701 1000 2790 ‘armi'
1030 2703 1235 2765 deducendum
1266 2725 1331 2766 esse
1360 2708 1474 2768 statuit.

363 2795 529 2879 (exhaustis
554 2792 651 2854 armie'
677 2805 722 2856 est
736 2795 827 2854 finitis
843 2796 932 2854 armis
955 2802 989 2853 ut
1003 2794 1051 2854 III
1076 2799 1104 2872 5,
1122 2798 1179 2856 40:
1203 2795 1342 2855 exhausti
1364 2796 1418 2855 fati
1434 2825 1475 2848 ε

360 2885 435 2945 finiti
463 2885 528 2964 feti,
561 2905 644 2944 arma
675 2894 775 2944 autem
808 2893 877 2943 sunt
908 2903 962 2964 pro
995 2878 1093 2968 ‘bello'
1124 2884 1160 2944 oi.
1189 2885 1221 2958 II
1255 2890 1281 2960 1,
1301 2887 1352 2947 90.
1398 2886 1476 2954 Nam

360 2973 509 3055 quomodo
546 2973 701 3034 exhaustis
736 2973 850 3033 viribus
885 2993 993 3056 equus,
1010 2973 1164 3053 superbiat
1194 2994 1255 3034 non
1286 2977 1475 3054 perspicitur.

359 3065 452 3124 Recte
473 3063 699 3144 explicaverunt
721 3063 800 3122 hunc
823 3063 919 3123 locum
941 3064 1099 3141 Augustus
1115 3061 1185 3125 Otto
1210 3060 1242 3145 (l.
1267 3067 1287 3125 l.
1304 3085 1332 3144 p.
1351 3061 1428 3148 362)
1446 3075 1477 3125 et

360 3151 533 3214 Gerhardus
556 3152 672 3212 Adrion
694 3152 727 3232 (l.
752 3151 772 3213 l.
790 3173 820 3232 p.
848 3152 879 3232 7)
896 3153 979 3211 cuius
995 3153 1133 3232 exempla
1148 3153 1229 3212 facili
1245 3172 1336 3233 opera
1352 3162 1477 3233 possunt

360 3244 474 3322 augeri.
507 3239 624 3302 Deinde
640 3241 676 3301 de
692 3261 766 3300 voce
783 3236 899 3324 ‘altius'
922 3251 990 3320 post
1006 3241 1157 3304 Handinm
1173 3250 1252 3301 recte
1268 3241 1477 3303 iudicaverunt

360 3331 582 3410 Grashergerue
596 3340 626 3390 et
638 3329 673 3392 0.
687 3330 831 3390 Miillerus
844 3331 877 3408 (l.
891 3331 911 3390 l.
924 3352 953 3411 p.
967 3327 1012 3412 9).
1028 3365 1068 3376 -
1081 3352 1109 3394 v.
1123 3333 1173 3393 20.
1191 3353 1258 3417 (osec
1269 3329 1369 3400 lurdo'
1384 3334 1476 3412 plane

360 3419 398 3479 ad
422 3441 458 3480 ea
475 3421 619 3501 ‚exempla
635 3428 838 3500 comparatum
854 3430 899 3479 est
915 3439 992 3499 quae
1006 3420 1128 3499 collegit
1144 3420 1313 3482 Fridericus
1329 3422 1391 3481 Leo
1408 3422 1439 3496 (l.
1457 3422 1476 3486 l.

360 3531 388 3590 p.
417 3508 469 3592 19)
478 3508 511 3590 ¹).
556 3511 594 3570 ln
615 3532 645 3571 v.
671 3512 710 3570 22
735 3519 821 3588 potes
845 3508 982 3569 dubitare
1004 3519 1103 3569 utrum
1127 3512 1253 3589 recipias
1277 3531 1315 3570 ex
1331 3513 1475 3589 Haveti²J

364 3601 533 3659 coniectura
552 3595 644 3684 ‘little'
663 3620 700 3658 an
719 3600 847 3659 retinens
865 3596 944 3679 quod
959 3598 1029 3659 libri
1045 3598 1199 3662 exhibent:
1226 3597 1329 3684 (hired.
1361 3601 1477 3660 Tamen

363 3709 428 3749 cum
453 3691 547 3769 possit
570 3689 714 3768 explicari
737 3686 846 3747 tradita
869 3689 957 3747 lectio
983 3725 1021 3733 —
1051 3709 1171 3768 nempe:
1201 3690 1239 3749 ab
1268 3690 1324 3748 hec
1351 3697 1477 3769 partea

365 3798 425 3858 qua
449 3779 564 3837 initium
589 3780 668 3856 capit
691 3786 780 3859 poeta
802 3779 833 3836 in
856 3775 1050 3838 describendo
1074 3778 1139 3838 loco
1163 3779 1191 3842 h.
1215 3799 1241 3842 e.
1267 3800 1284 3838 a
1314 3778 1411 3839 fronte
1436 3817 1474 3824 -

360 3868 403 3926 nil
427 3886 484 3945 ego
507 3868 693 3927 mutaverim.
733 3867 791 3927 Illa
814 3866 917 3926 limina
948 3869 1033 3927 cuius
1056 3867 1182 3927 aedificii
1206 3870 1264 3927 eirt
1287 3869 1476 3930 manifestum

360 3958 394 4015 fit
417 3977 455 4016 ex
487 3957 697 4036 sequentibus:
722 3957 792 4016 Divi
816 3957 885 4016 Iulii
912 3956 1016 4018 aedem
1041 3956 1112 4016 dicit
1133 3978 1150 4016 a
1185 3956 1311 4018 Caesare
1339 3959 1477 4035 Augusto

360 4083 403 4096 -
428 4066 495 4105 nam
521 4045 557 4104 ad
583 4065 651 4107 eum
667 4054 783 4127 spectat
805 4045 895 4107 illud:
920 4045 1033 4106 adscita
1055 4047 1086 4107 h.
1111 4067 1137 4108 e.
1162 4046 1303 4126 adoptata
1319 4048 1417 4129 proles
1433 4083 1476 4094 —

358 4189 413 4196 ...-
422 4191 571 4198 ----—---

452 4260 474 4328 Ξ)
494 4257 529 4313 cf.
549 4255 648 4324 Imhot,
669 4257 753 4314 Statii
773 4258 869 4328 eclogs
888 4259 923 4312 ad
946 4273 1060 4315 uxorem
1083 4259 1152 4314 1863
1171 4275 1197 4330 p.
1219 4261 1262 4330 26,
1280 4259 1403 4318 Vollmer
1420 4259 1439 4316 l.
1457 4259 1476 4322 l.

359 4343 386 4399 μ
406 4330 478 4474 ⁴⁰³)
497 4416 555 4460 rev.
575 4401 609 4458 ue
626 4399 720 4472 ponor.
740 4402 753 4456 1
772 4401 864 4472 (terr)
882 4419 907 4474 p.
928 4403 987 4461 reo.
