3440 5096
701 465 919 526 ...67-

359 641 486 723 septima
508 643 567 701 inm
590 638 709 703 rediens
732 641 855 703 Phoebe
878 644 950 704 mibi
973 646 1095 725 respicit
1118 665 1226 724 aegras

358 741 437 792 stare
460 750 571 811 genae;
595 729 718 792 tetidem
741 731 875 793 Oeteeee
897 733 1095 815 Paphiaeque
1117 733 1256 797 renident

358 819 512 902 lampades
535 829 565 882 et
587 822 696 884 totiens
719 829 836 883 nostros
859 822 1005 884 Tithonia
1028 834 1150 906 questus

287 912 336 972 10.
361 912 505 992 praeterit
528 921 558 971 et
580 910 681 988 gelido
705 913 822 991 spargit
843 913 983 974 miserete
1004 913 1135 994 flagello.
1210 965 1217 976 ,

254 1019 297 1078 sic
320 1018 427 1079 ultime
450 1017 542 1078 verbe
566 1027 686 1079 exstant
708 1020 740 1079 in
762 1019 848 1079 libris
870 1022 1087 1102 manuscriptis.
1133 1021 1243 1103 Neque
1265 1022 1303 1083 eb
1327 1024 1371 1084 eis

252 1106 451 1170 recedendum
487 1127 551 1169 ease
585 1109 732 1173 existimo.
790 1109 837 1168 1⁴31
872 1116 1007 1194 ‘nostros
1043 1105 1180 1194 questus’
1214 1113 1373 1193 suppletur

252 1197 392 1258 facillime
418 1191 495 1285 ‘mest
543 1196 622 1274 Quid
651 1207 750 1260 entem
775 1197 925 1279 estquod
952 1198 1053 1278 gelido
1076 1200 1196 1280 flagello
1225 1199 1372 1281 dispergit

253 1285 391 1351 Aurern‘l
426 1288 534 1348 liorem
561 1289 701 1348 nimirum
729 1287 852 1367 fingitur
881 1299 1022 1350 excutere
1050 1290 1181 1370 flagello.
1227 1290 1263 1351 Id
1290 1289 1372 1372 quod

252 1387 281 1436 te
314 1376 433 1438 docebit
463 1375 568 1438 Cicero
598 1378 630 1438 in
661 1379 858 1458 prognosticis
889 1374 941 1462 (de
970 1377 1030 1443 div.
1052 1380 1118 1453 18,
1146 1380 1213 1462 14):
1248 1379 1372 1466 ‘gelidos

252 1487 334 1529 rores
362 1469 481 1528 Aurora
511 1461 655 1543 remittit',
681 1477 717 1528 ut
747 1488 840 1529 uuum
869 1475 985 1529 tautum
1009 1469 1131 1530 efferum
1162 1471 1371 1531 testimouium.

253 1558 354 1638 Atque
386 1554 599 1638 lepidissimum
623 1576 687 1618 esse
711 1559 889 1618 senteutiam
917 1559 967 1618 vix
992 1561 1151 1641 quiequam
1174 1559 1284 1620 infitias
1307 1561 1372 1623 ibit.

253 1649 369 1708 Aurore
392 1655 501 1728 poetse
523 1645 598 1707 febri
623 1645 771 1707 laboranti
795 1656 825 1707 et
847 1649 995 1712 insomnit
1018 1648 1073 1708 hoc
1104 1649 1200 1710 solum
1222 1643 1372 1728 indulget,

252 1747 287 1797 ut
310 1738 456 1797 mstutino
479 1729 594 1814 frigore
617 1736 774 1817 paululum
797 1737 956 1800 reficietur.
1004 1736 1085 1815 Quid
1114 1747 1215 1799 autem
1237 1739 1282 1799 illi
1306 1760 1374 1799 cum

253 1825 395 1905 flagello?
430 1827 458 1884 Δ
481 1825 551 1886 Sole
574 1824 631 1886 hec
660 1827 821 1908 sumpsisse
844 1837 962 1904 pectem
985 1829 1170 1903 coniecerim,
1198 1849 1373 1908 quanquam

253 1917 330 1976 hene
359 1917 540 1976 sententium
562 1934 617 1994 pro
641 1925 723 1976 certa
746 1914 902 1976 venditore
930 1936 990 1977 nou
1014 1915 1119 1978 audeo.
1168 1917 1280 1978 Contra
1302 1916 1373 1978 vide

254 2026 422 2087 quaecum
452 2006 557 2065 ceteris
580 2004 780 2067 Baehreusiue
810 2005 959 2066 elicuerit!
999 2004 1126 2067 Omnino
1155 2006 1289 2085 intellegi
1313 2027 1373 2066 non

252 2105 353 2178 potest
375 2093 535 2156 Schraderi
566 2095 737 2156 coniectura
766 2115 845 2175 quse
872 2095 916 2154 illi
946 2095 1075 2176 probatu
1103 2105 1159 2170 est,
1191 2097 1248 2156 nisi
1272 2095 1374 2156 additu
1485 2158 1488 2164 ,

253 2186 314 2246 alia
345 2183 475 2265 quedam
505 2185 684 2246 mutatione:
715 2183 747 2244 id
778 2183 858 2268 quod
890 2205 929 2244 ex
952 2185 1128 2246 Baehreusii
1160 2195 1190 2245 et
1212 2183 1372 2265 Polsteri¹)

254 2274 459 2336 conaminibus
483 2275 596 2354 optime
618 2273 725 2338 elucet.

342 2365 406 2425 Iam
433 2362 463 2424 V
482 2367 509 2445 1,
535 2368 571 2423 11
602 2374 633 2423 et
659 2364 703 2424 1v
721 2368 750 2439 8,
774 2367 814 2426 32
848 2365 1029 2425 coniunctim
1056 2373 1186 2430 tructus
1213 2365 1246 2424 iu
1273 2366 1373 2424 auimo

255 2465 314 2530 est,
350 2453 491 2533 quoniam
522 2451 639 2522 eedem,
658 2455 759 2531 egitur
789 2473 847 2518 ree.
906 2454 1008 2533 Vulgo
1039 2456 1117 2515 euim
1149 2465 1278 2535 utroque
1307 2455 1373 2514 loco

253 2546 365 2623 legitur
395 2543 596 2623 superlativus
627 2538 828 2629 (cernemus,
858 2545 888 2602 in
917 2544 1001 2604 libris
1026 2555 1126 2605 autem
1150 2555 1304 2604 excretum
1328 2553 1374 2604 est

254 2633 446 2695 adiectivum:
473 2627 669 2716 ‘rarissimusss
715 2633 812 2709 Quam
835 2634 1013 2694 seutentiam
1037 2635 1209 2714 nuperrime
1232 2634 1375 2715 probavit

254 2725 402 2785 Heurieus
425 2722 533 2782 bl'u'ller
557 2718 590 2806 (l.
614 2723 633 2787 l.
656 2744 685 2802 p.
711 2718 775 2807 55).

437 2811 510 2892 Vl,
530 2816 584 2874 11:
608 2810 724 2872 laudati
746 2814 864 2872 iuvenis
888 2813 1040 2873 rarissima
1062 2815 1174 2874 coniux

435 2900 480 2962 lv
498 2907 527 2976 8,
546 2903 601 2963 32:
625 2903 769 2963 iuvenum
792 2902 952 2964 rarissime.

344 2990 593 3051 Proficisceudum
617 3001 716 3050 eutem
741 3000 795 3072 est,
820 3011 859 3050 ex
882 2992 1006 3051 ulterius
1028 2990 1097 3051 libri
1113 2993 1306 3072 praefationis
1321 2993 1372 3056 lin.

256 3087 307 3147 25.
338 3081 401 3142 Ubi
423 3081 454 3140 in
476 3080 560 3139 libris
587 3074 772 3165 ‘aurbeima'
799 3077 1080 3141 extare'adnotavit
1094 3081 1305 3145 Beehrensius.
1338 3084 1375 3142 Iu

231 3172 423 3230 ·blntritensi
446 3179 546 3229 autem
569 3179 668 3229 exstat
690 3165 891 3254 ‘rarissimass
916 3169 997 3250 quod
1013 3171 1108 3231 altere
1124 3191 1230 3232 munus
1247 3175 1375 3232 correxit

254 3263 285 3320 in
311 3253 511 3344 parissimi&
558 3266 658 3340 Atque
684 3256 848 3346 ‘carissima'
878 3261 960 3320 nullo
976 3271 1064 3341 pacto
1081 3273 1185 3341 aptum
1202 3271 1255 3322 ost.
1292 3263 1373 3339 Ergo

254 3351 367 3432 primae
391 3369 496 3410 manus
514 3351 600 3408 lectio
615 3348 786 3409 revocando
802 3361 864 3415 est:
888 3345 1067 3434 trorissime'.
1095 3345 1275 3436 ‘clarissime'
1294 3349 1375 3430 quod

256 3441 349 3518 vulgo
359 3439 467 3513 editur,
481 3459 497 3497 e
512 3439 832 3499 coniecturePolitiani
845 3449 942 3499 ortum
955 3451 1009 3514 est,
1023 3442 1075 3520 qui
1086 3437 1256 3523 ‘carissimu'
1268 3441 1306 3500 ab
1319 3440 1376 3500 hoo

255 3530 318 3590 loco
331 3531 462 3590 alienum
475 3547 540 3588 esse
552 3530 652 3588 sensit.
677 3529 742 3588 Hoc
754 3531 847 3606 igitur
858 3530 924 3588 loco
936 3529 1051 3588 Pollam
1064 3531 1241 3589 rarissimum
1250 3550 1374 3589 uxorum

256 3619 421 3700 appellavit
443 3629 540 3698 poeta.
588 3616 648 3676 Cur
672 3618 737 3677 aliis
761 3620 833 3679 locie
856 3618 913 3679 hoo
940 3617 1120 3678 edicotivum
1141 3617 1374 3699 expungamus?

345 3711 390 3769 Ac
419 3729 459 3769 ne
489 3706 527 3767 de
558 3707 602 3768 IV
623 3712 653 3782 4,
690 3711 731 3769 92
770 3708 891 3789 quidem
915 3708 1128 3768 Baehrensium
1164 3708 1243 3769 bene
1278 3711 1376 3785 egisse

256 3797 394 3861 concedo.
443 3797 501 3858 Sed
525 3795 715 3858 excusandus
738 3808 783 3858 est
806 3799 858 3858 ille
881 3807 914 3858 ut
938 3797 1010 3857 alibi
1034 3799 1075 3856 ita
1098 3797 1154 3858 hoc
1177 3797 1251 3862 loco.
1297 3799 1375 3857 Nam

256 3898 358 3949 vetere
373 3888 424 3948 illo
449 3886 486 3948 de
502 3887 645 3948 Politisni
667 3889 745 3947 uotis
769 3908 868 3948 errore
883 3896 1045 3967 occupatus
1070 3907 1172 3947 verum
1189 3887 1292 3948 videre
1316 3909 1376 3947 non

256 3980 362 4059 potuit.
416 3977 532 4037 Temen
564 3987 722 4057 postquam
753 3977 906 4038 Bonnetus
914 3979 938 4054 ²)
971 3988 1001 4037 et
1029 3975 1208 4039 Skutschius
1240 3978 1271 4058 (l.
1295 3977 1315 4040 l.
1343 3997 1374 4055 p.

258 4070 320 4132 469
345 4067 405 4147 sq.)
433 4077 600 4147 temperata
623 4063 775 4151 Goetniil)
807 4067 958 4127 sententia
984 4066 1063 4125 hanc
1093 4066 1253 4146 caliginem
1276 4065 1376 4147 quood

256 4175 564 4310 ——ssl‘qtucestiones
584 4205 726 4260 Statienee
745 4206 767 4261 1.
787 4222 880 4275 progr.
902 4203 1094 4274 Wongrowitn
1115 4207 1184 4262 1878
1203 4224 1229 4275 p.
1249 4206 1274 4260 ὅ.

347 4279 368 4422 ’l
387 4293 445 4405 ild.
465 4277 853 4406 ldctphlddderllsllldtlffssllll
874 4277 979 4403 idleldl
992 4347 1052 4418 egit
1072 4347 1309 4416 ltuudstroemius,
1329 4349 1377 4416 qui

255 4425 273 4481 l.
292 4426 310 4482 l.
330 4442 356 4493 p.
378 4425 464 4478 1-19
483 4420 523 4478 eis
542 4420 708 4490 obloquitur.

1163 4529 1197 4583 5*
