3440 5096
686 400 906 490 -aa-

329 579 381 639 94.
407 577 517 645 amaia
533 573 732 645 Chalcidicos
748 585 855 644 turres
878 578 1006 644 obversa
1027 577 1190 646 salutaret:
1212 588 1282 659 apte
1302 579 1358 640 hoo

236 687 299 728 uno
324 687 414 727 versu
436 666 514 726 redit
537 674 627 748 poeta
651 687 669 726 a
684 665 870 746 singulorum
886 666 968 727 illius
984 666 1102 727 diaetae
1118 679 1357 730 ornamentorum

235 758 462 818 enumeratione
486 755 524 816 ad
548 757 665 816 initium
682 755 891 836 descriptionis
907 766 938 816 et
953 759 1039 838 quasi
1055 758 1263 837 complectitur
1278 779 1357 839 quae

234 847 274 905 de
305 847 364 906 hoc
395 847 529 906 conclavi
560 848 707 926 exposuit.
738 883 776 890 -
811 845 1014 914 Chalcidicas
1043 846 1122 907 idem
1153 848 1235 907 valet
1265 858 1358 928 atque

234 937 470 1016 Neapolitanus:
502 939 539 995 ct.
564 937 608 996 lV
634 940 663 1010 8,
685 942 736 998 46.
770 936 798 994 V
824 941 852 1007 3,
875 940 950 1014 226,
975 956 1043 994 nam
1068 958 1086 995 a
1109 929 1357 998 Chalcidensibus

234 1025 358 1092 condita
381 1046 448 1086 asse
478 1026 633 1087 ferebatur
656 1025 861 1102 Parthenope:
893 1027 928 1086 cf.
952 1025 1050 1089 Strab.
1074 1028 1100 1086 V
1125 1031 1159 1101 4,
1182 1032 1199 1088 7
1225 1048 1254 1107 p.
1282 1031 1355 1092 246.

327 1117 390 1175 Iam
414 1136 449 1176 eo
473 1114 594 1174 deducti
616 1135 728 1194 sumus,
753 1125 786 1174 ut
811 1114 848 1174 de
871 1117 929 1174 situ
953 1114 1044 1174 villae
1060 1137 1098 1175 ex
1115 1115 1202 1176 Statii
1226 1121 1357 1177 carmine

234 1197 311 1265 nihil
336 1203 460 1264 accedat
483 1203 563 1285 quod
587 1206 813 1284 comperiamus.
850 1204 1055 1280 Quamobrem.
1066 1204 1148 1264 haud
1163 1203 1283 1266 videtur
1306 1207 1357 1266 ah-

238 1315 344 1355 sonum
368 1315 431 1354 esse
456 1293 493 1354 de
519 1294 654 1354 Belochii
680 1296 830 1354 sententia
853 1314 932 1374 quae
955 1295 1082 1371 singulis
1106 1295 1177 1354 locis
1201 1295 1356 1355 adnotavi-

241 1405 302 1444 mus
326 1385 482 1464 complecti
505 1385 632 1464 eiusque
657 1386 856 1444 coniecturam
880 1385 912 1442 in
939 1402 1066 1443 examen
1089 1404 1207 1446 vocare.
1255 1389 1356 1465 Atque

236 1497 253 1532 a
274 1476 357 1534 iusto
382 1473 573 1533 fundamento
597 1493 664 1532 eum
686 1475 718 1532 in
742 1475 914 1533 universum
943 1474 1108 1553 profectum
1133 1495 1197 1534 esse
1220 1486 1355 1555 apparet,

235 1565 260 1624 si
285 1562 374 1624 modo
397 1584 429 1627 v.
447 1563 546 1643 48sq.
571 1572 651 1622 recte
674 1583 776 1623 sumus
799 1565 997 1639 interpretati.
1044 1564 1160 1623 Tamen
1183 1566 1214 1623 in
1230 1567 1358 1642 singulis

234 1663 308 1714 sunt
331 1674 410 1734 quae
434 1663 545 1732 egeant
568 1654 758 1716 correctione.
805 1654 920 1712 Balnea
943 1654 1021 1712 enim
1046 1673 1111 1712 esse
1135 1655 1201 1713 vult
1217 1655 1305 1714 Pollii
1322 1678 1358 1716 ea

234 1763 317 1824 quae
339 1741 428 1803 hodic
452 1765 470 1802 a
492 1743 600 1819 regina
618 1744 734 1802 Ioanne
754 1763 862 1802 nomen
884 1742 997 1802 ducunt
1016 1744 1047 1801 in
1063 1745 1271 1823 promunturio
1289 1745 1357 1805 Sur·

234 1834 356 1893 reatino
379 1835 450 1894 situ:
484 1841 586 1892 contra
617 1841 723 1912 poetae
748 1830 977 1911 descriptionem
1001 1832 1057 1890 hoc
1081 1835 1231 1896 statuitur.
1279 1835 1357 1894 Nam

235 1923 346 1982 balnea
369 1923 494 1982 suntin
517 1919 635 2001 placido
659 1922 711 1980 illo
735 1941 863 1982 recessu.
909 1920 1027 1979 Deinde
1050 1921 1189 1981 Herculis
1209 1923 1356 2003 Neptuni-

234 2032 305 2093 que·
321 2012 433 2092 templa
456 2010 537 2070 haud
560 2013 620 2071 scio
644 2031 682 2070 un
707 2012 830 2070 nimium
854 2031 873 2068 a
894 2010 982 2068 litore
1006 2019 1121 2073 remota
1144 2032 1210 2071 esse
1226 2014 1357 2074 volucrit

232 2103 298 2164 ille.
344 2102 389 2160 De
412 2102 546 2181 Neptuni
570 2101 674 2180 templi
697 2102 756 2159 situ
780 2111 859 2159 certo
884 2101 996 2159 erravit
1024 2120 1181 2180 perperam
1205 2103 1356 2164 intellecto

233 2211 329 2252 versu
345 2196 396 2254 21.
445 2189 570 2249 Accedit
593 2189 673 2270 quod
698 2191 722 2249 si
745 2189 820 2249 illud
844 2189 947 2248 fanum
968 2198 1038 2250 ante
1058 2190 1160 2249 villam
1177 2192 1272 2271 ipsam
1288 2193 1355 2264 fuit,

233 2291 413 2362 prospectus
437 2301 475 2340 ex
499 2300 535 2338 ea
563 2300 622 2338 non
652 2287 717 2339 erat
739 2279 897 2359 Neapolim
930 2299 1043 2345 versus,
1091 2280 1229 2360 Denique
1257 2291 1291 2340 ut
1319 2281 1365 2342 de

234 2370 354 2429 ambitu
377 2369 469 2429 villae
491 2371 594 2445 paucis
619 2390 721 2446 agam:
755 2391 791 2428 ne
816 2369 896 2428 hunc
920 2367 1041 2449 quidem
1065 2379 1146 2429 recte
1169 2373 1356 2455 constituisse

234 2459 367 2520 videtur.
407 2460 443 2518 In
463 2461 668 2538 promunturio
683 2458 860 2518 Surrentino
876 2461 1036 2517 maximam
1053 2469 1168 2539 partem
1184 2462 1247 2520 eius
1262 2462 1356 2521 fuisse

235 2550 344 2609 statuit
366 2548 441 2608 falsu
464 2550 602 2610 nimirum
626 2549 806 2610 thermarum
831 2549 1024 2608 collocatione
1044 2558 1215 2611 commotus.
1262 2552 1356 2610 Immo

234 2641 304 2718 ipsa
318 2639 371 2698 illa
387 2639 496 2698 balnea
513 2638 590 2697 alius
606 2638 696 2697 villae
713 2638 805 2697 fuisse
821 2638 971 2699 videntur.
1005 2637 1116 2697 Contra
1131 2640 1154 2697 si
1172 2638 1355 2699 occidentem

237 2749 341 2788 versus
364 2727 469 2808 praedi
489 2729 564 2787 fines
584 2729 824 2808 -propagavisset,
850 2728 955 2786 melius
979 2729 1084 2806 opinor
1100 2730 1223 2804 egisset:
1248 2749 1356 2788 nomen

238 2819 317 2878 enim
337 2817 424 2877 Pollii
455 2816 598 2876 adhaeret
621 2838 690 2877 orae
721 2817 810 2876 etiarn
835 2837 927 2878 nuuc:
961 2818 1074 2875 marino
1099 2817 1128 2875 di
1153 2818 1256 2879 Puolo.
1297 2818 1357 2878 Sed

238 2917 350 2968 certum
376 2906 519 2966 iudicium
543 2908 621 2966 ferre
645 2909 812 2966 sitantum
836 2907 905 2965 licet
928 2907 981 2985 qui
1005 2907 1066 2965 suis
1090 2907 1184 2967 oculis
1203 2910 1357 2986 regionem

237 2997 319 3056 illam
344 2998 510 3077 conspexit,
535 2995 615 3076 quod
639 2998 752 3056 utinam
777 2996 848 3054 mihi
873 2995 1036 3076 aliquando
1061 2999 1230 3074 contingat!

329 3091 379 3150 95.
410 3094 510 3153 macte
540 3087 649 3153 auimo
681 3087 765 3169 qaod
788 3086 891 3153 Graia
915 3087 1033 3170 probas
1061 3089 1144 3171 qaod
1168 3087 1270 3154 Oraia
1292 3091 1357 3173 fre-

239 3183 375 3262 quentas
406 3198 502 3244 aava:
532 3177 584 3234 vix
616 3185 660 3235 est
692 3174 771 3255 quod
804 3175 841 3234 de
865 3175 999 3235 Gevartii
1025 3175 1233 3236 emendatione
1265 3179 1359 3237 verba

238 3268 361 3346 taciem,
386 3267 439 3347 qui
466 3260 576 3350 ‘Graia'
603 3266 757 3326 revocavit
784 3286 839 3346 pro
863 3285 898 3324 eo
923 3265 1001 3344 quod
1025 3267 1058 3324 in
1081 3265 1164 3324 libris
1188 3276 1232 3326 est
1255 3288 1357 3326 exara-

238 3367 302 3417 tum
327 3358 391 3416 sine
414 3374 517 3418 sensu:
549 3366 645 3433 grata.
691 3354 774 3414 Idem
798 3375 879 3415 error
907 3355 1024 3414 obviam
1049 3354 1082 3414 fit
1110 3355 1141 3414 II
1167 3360 1194 3430 1,
1215 3361 1287 3419 113.
1313 3358 1359 3417 III

241 3452 270 3526 5,
288 3449 340 3509 93.
372 3453 469 3505 macte
497 3446 609 3504 animo:
642 3446 678 3507 cf.
707 3445 754 3503 Ill
780 3440 935 3527 1‚166¹).
969 3445 998 3504 V
1022 3451 1050 3520 2,
1072 3448 1121 3505 97.
1154 3445 1263 3506 Theb.
1288 3447 1357 3527 Vll,

242 3539 315 3599 280.
340 3535 407 3596 silv.
432 3536 446 3594 1
472 3536 589 3608 3,106.
616 3537 630 3593 Ι
656 3541 684 3607 5,
700 3537 750 3596 63.
776 3535 823 3593 ΙΙΙ
848 3537 943 3605 3,31.
970 3534 997 3594 V
1025 3536 1106 3604 1‚37
1133 3535 1196 3595 sim.

330 3631 380 3688 96.
411 3647 469 3692 aec
496 3624 665 3704 invideant
692 3645 773 3707 qttac
802 3631 831 3690 te
859 3644 999 3708 petissere
1028 3623 1186 3689 Dicarchi
1216 3628 1360 3693 moenia:

240 3713 463 3776 Dicaearcheae
494 3711 673 3774 conditorem
697 3715 834 3772 nimirum
858 3713 946 3771 finxit
974 3721 1082 3792 poetae
1105 3715 1285 3773 Dicarchum
1309 3736 1359 3774 no·

241 3807 328 3868 mine.
365 3805 450 3864 Certe
475 3803 513 3862 ab
538 3804 618 3863 omni
641 3802 851 3882 probabilitate
876 3802 974 3863 aliena
990 3811 1036 3861 cst
1052 3802 1220 3862 Marklaudi
1244 3807 1359 3864 coniec-

242 3905 310 3954 tura
333 3896 385 3974 qui
402 3887 587 3978 ‘Dicarchea'
606 3892 732 3952 Statium
757 3894 908 3972 scripsisse
924 3892 1064 3954 affirmat:
1082 3922 1123 3944 =
1141 3895 1357 3971 Δικαιαρχείας.

333 4141 353 4209 ¹)
374 4139 440 4194 data
459 4139 601 4194 occasione
620 4139 710 4194 levem
730 4138 873 4193 Skutschii
892 4154 1015 4193 errorem
1033 4139 1175 4208 corrigere
1193 4139 1269 4194 libet.
1307 4136 1359 4205 Qut

239 4211 269 4284 (l.
282 4212 301 4268 l.
314 4227 340 4279 p.
354 4210 418 4280 832)
436 4227 462 4266 v.
484 4213 535 4264 164
553 4210 593 4264 sic
612 4210 771 4266 constituit:
791 4225 870 4282 ‘nunc
893 4209 951 4278 ipse
975 4241 1008 4250 -
1028 4209 1096 4279 (soil.
1120 4211 1254 4266 Hercules
1272 4210 1359 4279 dicit),

239 4283 270 4336 in
288 4282 383 4336 limine
402 4297 483 4335 cerno
498 4281 558 4337 etc'
578 4280 673 4335 Nonne
692 4282 790 4337 melius
811 4282 850 4336 sic
870 4281 1026 4349 explicatur
1044 4283 1135 4338 locus:
1156 4298 1235 4354 Knuuc
1253 4282 1313 4352 ipse
1331 4283 1359 4336 in

240 4354 336 4410 limine
355 4353 477 4423 <cst>,
497 4369 578 4408 cerno
597 4352 678 4408 cta’?
