3440 5096
688 491 907 548 -45-

230 666 293 728 rei:
319 685 395 746 quae
412 663 596 726 debilitanda
614 666 713 746 potius
738 674 792 726 eet.
827 663 952 726 Accedit
974 665 1055 746 quod
1079 666 1212 727 futurum
1237 677 1355 749 tempus

228 753 316 814 haud
349 755 441 816 facile
475 757 636 836 quisquam
668 756 922 835 interpretabitur.
970 757 1081 816 lterum
1116 757 1240 837 Epicuri
1274 758 1356 836 frag-

227 853 366 904 mentum
389 845 458 905 licet
482 865 667 926 comparare:
690 845 724 908 tr.
744 849 816 908 566.
837 850 914 907 565:
941 840 979 906 οὐ
998 859 1201 924 πανηγυριεῖν
1225 848 1257 907 dd
1281 842 1356 907 odoi

228 931 433 1013 ῥητορεύσειν
464 936 567 1008 καλῶς
598 931 668 1016 (τὸν
691 929 793 1009 σοφὸν
816 935 904 995 δοκεῖ
930 930 1116 1017 Ἐπικούρῳ)
1149 938 1186 994 cf.
1216 938 1250 999 fr.
1279 941 1354 998 552.

326 1029 398 1086 124.
423 1027 479 1109 qui
496 1032 621 1110 pectore
643 1047 759 1111 mopuo
775 1047 920 1109 spemque
943 1033 1121 1109 motumque
1143 1027 1253 1092 domos
1277 1048 1357 1093 curro

226 1114 400 1181 sublimior
428 1117 533 1182 omni:
560 1114 599 1174 ad
623 1125 714 1174 totam
737 1114 826 1174 huius
846 1116 906 1174 loci
926 1118 1103 1175 sententiam
1119 1117 1230 1195 poterit
1246 1116 1356 1195 aliquis

228 1204 371 1264 conferre
393 1203 473 1268 Seu.¹
488 1204 525 1265 de
548 1206 602 1266 vit.
624 1204 703 1267 beat.
729 1209 758 1284 4,
778 1211 810 1265 5:
838 1225 919 1290 Kergo
942 1204 1112 1265 exeundum
1136 1209 1182 1264 e'st
1206 1204 1244 1263 ed
1267 1206 1355 1265 liber-

229 1302 336 1354 tatern.
368 1293 447 1354 hanc
468 1314 527 1354 non
555 1295 614 1353 alia
644 1314 691 1354 res
722 1294 827 1354 tribuit
858 1315 948 1373 quam
979 1295 1117 1354 fortunae
1147 1295 1355 1373 neglegentia:

233 1395 295 1444 tum
320 1383 395 1443 illud
426 1386 541 1444 orietur
564 1384 782 1444 inaestimabile
814 1384 935 1457 bonum,
968 1386 1055 1463 quies
1087 1385 1194 1443 mentis
1225 1387 1256 1443 in
1289 1395 1355 1444 tuto

234 1474 379 1533 collocata
403 1483 433 1533 et
456 1474 622 1534 sublimitas
639 1475 834 1554 expulsisque
858 1474 1021 1533 terroribus
1039 1494 1078 1533 ex
1094 1475 1265 1552 cognitione
1289 1476 1356 1534 veri

230 1561 379 1640 gaudium
402 1562 518 1641 grande
546 1573 576 1623 et
606 1566 759 1624 immotum
786 1559 852 1624 ete'.
901 1561 949 1622 Ad
982 1561 1121 1623 domandi
1153 1564 1238 1623 verbi
1269 1583 1355 1623 usum

229 1653 269 1714 ef.
295 1651 365 1714 Sen.
391 1655 478 1733 epist.
504 1659 556 1726 85,
576 1654 633 1714 40:
660 1656 790 1737 (sapiens
814 1653 924 1712 artifex
948 1665 992 1713 est
1017 1652 1155 1713 domandi
1183 1647 1269 1712 mala'
1296 1652 1356 1712 Sed

228 1740 271 1800 de
294 1741 395 1802 verbis
419 1745 492 1822 ipsis
515 1744 635 1803 minime
659 1753 783 1804 constat.
808 1751 876 1810 lttlo
892 1743 1059 1809 sublimior
1083 1744 1171 1810 omni
1187 1746 1230 1802 sic
1253 1763 1356 1803 exara·

227 1845 296 1891 turn
329 1842 374 1891 est
403 1834 435 1891 in
466 1833 560 1894 libris.
607 1831 667 1893 Sed
701 1828 782 1918 ‘tuto’
816 1845 986 1910 corruptum
1016 1853 1082 1892 esse
1111 1835 1165 1892 vix
1196 1835 1355 1912 quisquam

228 1921 345 1980 infitias
378 1922 444 1984 ibit.
490 1922 598 2002 Neque
632 1923 709 1982 enim
742 1943 796 2003 pro
828 1920 972 1982 adverbio
1003 1922 1074 1980 licet
1105 1924 1241 2001 accipere
1271 1923 1355 1981 illam

229 2030 338 2070 vocem
368 2019 528 2091 propterea
559 2010 638 2092 quod
670 2032 730 2072 non
761 2009 891 2072 dilucida
922 2021 1000 2071 esset
1030 2021 1101 2071 tunc
1132 2014 1226 2071 oratio
1257 2031 1356 2091 neque

228 2101 368 2180 placeret
390 2098 505 2162 nudum
527 2100 615 2163 illud:
640 2103 729 2166 omni,
777 2103 877 2181 Atque
886 2103 931 2160 *in
954 2101 1011 2160 hae
1033 2122 1067 2161 re
1094 2101 1222 2161 editores
1253 2121 1355 2160 omnes

228 2191 440 2250 consentiunt:
480 2190 661 2251 dissentiunt
700 2194 731 2250 in
770 2193 956 2250 restitutione
1002 2190 1092 2250 huius
1138 2192 1205 2252 loci.
1266 2189 1353 2265 Quod

230 2281 384 2340 Domitius
399 2281 554 2360 proposuit
580 2278 686 2364 ιπένθ’,
712 2283 782 2340 licet
798 2301 857 2340 non
881 2281 959 2339 male
975 2282 1014 2339 eit
1034 2282 1236 2358 excogitatum
1255 2289 1355 2339 tamen

229 2367 316 2429 haud
339 2372 400 2429 ecio
424 2390 464 2429 an
487 2390 546 2430 non
575 2369 835 2451 significet⁸quod
867 2381 956 2450 poeta
986 2372 1085 2430 inesse
1111 2371 1208 2430 voluit
1238 2371 1270 2428 in
1300 2374 1355 2430 hoc

229 2461 399 2525 enuntiato,
446 2459 524 2519 Nam
549 2461 574 2520 si
598 2465 664 2540 quis
697 2454 866 2538 ἀταραξίαν
894 2460 976 2519 illam
1005 2461 1183 2540 Epicuream
1211 2469 1357 2539 sectatun.

230 2550 355 2609 minime
377 2550 487 2611 sufficit
510 2570 579 2611 eum
603 2569 669 2609 esse
696 2551 761 2609 sine
788 2552 871 2611 vitio.
918 2552 1032 2610 Tamen
1059 2550 1151 2610 multo
1175 2550 1281 2608 melior
1309 2562 1354 2609 est

232 2639 311 2698 haec
334 2643 504 2701 coniectura
528 2660 618 2720 quam
635 2639 857 2700 Baehrensiana
881 2637 984 2722 (astu.
1011 2659 1089 2720 qnae
1111 2659 1209 2719 neque
1231 2639 1354 2698 lenitate

233 2749 334 2808 neque
363 2749 453 2789 sensu
483 2729 715 2793 commendatur.
760 2730 919 2788 Praeterea
950 2729 1174 2808 Grasbergerns
1206 2728 1238 2807 (l.
1271 2729 1290 2790 l.
1323 2750 1352 2808 p.

235 2819 315 2902 240)
340 2813 442 2903 ttitulo‘
470 2820 692 2898 elegantissime
707 2821 864 2900 proposuit
886 2819 918 2877 in
942 2813 1130 2899 eandemque
1154 2821 1354 2878 coniecturam

233 2907 402 2969 inciderunt
430 2908 581 2969 Adrianus
589 2907 612 2986 1)
636 2921 666 2970 et
688 2907 969 2986 Maenaghtenns.²)
1003 2908 1060 2968 Sed
1085 2929 1257 2989 quanquam
1281 2909 1353 2986 trip·

233 2999 284 3063 lici
308 2998 526 3080 quodammodo
557 3001 622 3058 acie
657 2999 771 3059 munita
803 3009 847 3058 est
879 2998 932 3056 illa
961 2999 1133 3058 coniectura
1164 2999 1355 3079 probataque

233 3089 325 3148 etiam
348 3089 442 3148 Leoni
465 3085 499 3172 (Ι.
525 3089 543 3151 l.
567 3111 597 3170 p.
625 3086 679 3170 17)
704 3102 803 3147 tamen
835 3087 1028 3147 multitudine
1063 3109 1124 3148 non
1152 3108 1217 3149 esse
1245 3087 1354 3147 ceden-

235 3177 304 3238 dum
329 3198 445 3241 censeo.
491 3179 656 3258 Aptissima
679 3179 758 3238 enim
782 3179 835 3236 illa
857 3177 945 3236 lectio
968 3179 1056 3259 foret,
1086 3179 1143 3238 nisi
1172 3178 1265 3241 verba
1291 3180 1352 3264 ‘qui

233 3277 354 3347 pectore
376 3288 484 3347 magno
509 3288 654 3350 spemque
680 3279 837 3346 metusque
866 3264 975 3327 domas'
1005 3268 1232 3340 intercederent,
1261 3269 1287 3327 si
1315 3266 1355 3326 ad

234 3359 319 3436 leges
343 3367 373 3418 et
396 3369 493 3420 eastra
523 3371 656 3435 spectare
687 3369 787 3438 posset
816 3378 878 3416 vox
903 3352 1023 3443 (titulo'z
1049 3379 1118 3417 nam
1141 3355 1209 3416 inde
1233 3359 1354 3436 conqui-

234 3459 340 3508 runtur
363 3449 452 3511 tituli.
492 3449 601 3528 Itaque
624 3468 662 3508 ne
685 3449 758 3507 haec
783 3446 904 3526 quidem
922 3450 1090 3508 coniectura
1113 3447 1275 3529 probabilis
1299 3458 1354 3509 eet.

235 3538 352 3597 Deinde
381 3538 460 3618 quod
492 3536 675 3620 Polsternsi)
710 3535 814 3623 ‘molto'
847 3535 1093 3621 Wallerusquet)
1127 3530 1212 3620 ‘volo'
1246 3557 1354 3616 propo·

234 3638 368 3708 suerunt,
392 3639 531 3688 neutrum
559 3649 619 3688 non
648 3628 756 3708 placet.
801 3627 860 3686 Hic
889 3619 973 3687 suam
1005 3629 1208 3686 coniecturam
1239 3627 1355 3686 studuit

233 3717 340 3776 fulcire
364 3718 429 3778 loco
454 3718 583 3798 quodam
598 3717 704 3778 Rutilii
720 3717 892 3776 Namatiani
909 3714 938 3801 (Ι
963 3713 1054 3800 163):
1078 3717 1248 3776 fortunatus
1265 3737 1354 3794 agam

234 3795 365 3887 v'ctoque
388 3807 504 3868 beatior
527 3810 615 3872 omni.
648 3808 685 3869 cf.
710 3809 800 3866 etiam
823 3829 851 3870 v.
879 3809 950 3868 130.
977 3827 1032 3866 nos
1046 3827 1220 3885 -semper
1247 3813 1354 3892 optare

235 3898 344 3976 parati.
384 3897 502 3958 Tamen
534 3899 647 3958 leniore
677 3899 768 3956 etiam
803 3898 968 3956 mutatione
999 3896 1152 3956 Krohnius
1187 3895 1258 3955 huic
1288 3896 1353 3954 loco

235 3986 380 4047 medelam
404 3989 504 4048 attulit
531 4007 652 4067 remque
683 4007 739 4047 acu
768 3988 878 4065 tetigit.
925 3987 1095 4066 Principale
1123 3988 1202 4046 enim
1233 3987 1354 4065 Epicuri

324 4163 345 4265 ζ)
366 4163 542 4246 quaestiones
561 4163 711 4246 §tatianae
732 4163 797 4218 diss.
817 4162 962 4252 Herbippli
983 4162 1051 4216 1893
1070 4179 1095 4230 p.
1116 4164 1158 4217 31.

325 4237 346 4376 ³3
362 4235 1030 4378 bbbrelduddeldhbldabrexnbxeIl15391diogidd³sbrowo
1052 4307 1122 4362 1884
1140 4325 1165 4376 p.
1185 4308 1217 4388 5.Ι

323 4379 345 4450 ⁴)
364 4395 495 4435 excursus
509 4379 622 4436 criticus
640 4382 669 4434 in
682 4380 712 4435 P.
732 4380 843 4451 Papinii
856 4379 939 4436 Statii
955 4379 1039 4436 silvas
1059 4379 1123 4436 diss.
1137 4380 1255 4435 Vretrst.
1277 4379 1352 4434 1885.

233 4470 260 4524 p.
279 4455 322 4510 20.
