3440 5096
566 1442 671 1513 Villa
695 1441 924 1512 Surrentina
948 1441 1059 1510 Pollii
1083 1441 1232 1512 Felicis.

499 1593 554 1651 Est
576 1594 654 1650 inter
677 1600 764 1649 notos
781 1589 918 1648 Sirenum
943 1590 1062 1648 nomine
1086 1609 1185 1648 muros

500 1701 634 1760 saxaque
657 1680 832 1759 Tyrrhenae
855 1679 972 1758 templis
996 1688 1119 1738 onerata
1143 1680 1297 1739 Minervae

501 1772 581 1830 celsa
604 1770 760 1830 Dicarchei
783 1769 965 1848 speculatrix
988 1767 1060 1826 villa
1084 1767 1233 1847 profundi,

500 1882 560 1941 qua
584 1861 701 1920 Bromio
725 1858 851 1917 dilectus
876 1878 949 1934 ager
972 1857 1121 1938 collesque
1145 1879 1198 1936 per
1222 1857 1297 1918 altos

449 1954 476 2009 ἵ).
499 1951 595 2010 uritur
619 1957 650 2008 et
673 1949 766 2028 prelis
789 1969 849 2006 non
872 1945 985 2006 invidet
1008 1967 1069 2006 uva
1091 1947 1238 2007 Falernis.

500 2040 558 2098 huc
582 2059 628 2098 me
652 2047 720 2118 post
743 2039 831 2118 patrii
855 2037 965 2096 laetum
991 2038 1197 2117 quinquennia
1220 2037 1316 2108 lustri,

503 2149 569 2187 cum
595 2127 690 2188 stadio
714 2129 773 2186 iam
798 2128 885 2206 pigra
909 2127 994 2205 quies
1019 2145 1172 2205 canusque
1196 2126 1314 2186 sederet

499 2217 610 2297 pulvis,
635 2215 672 2275 ad
696 2217 874 2276 Ambracias
898 2235 1042 2274 conversa
1065 2215 1215 2295 gymnade
1238 2217 1366 2290 frondes,

501 2319 583 2366 trans
608 2307 721 2384 gentile
744 2305 853 2364 fretum
878 2303 988 2384 placidi
1011 2304 1152 2364 facundia
1176 2305 1262 2385 Polli,

435 2395 482 2456 10.
501 2395 609 2456 detulit
633 2406 664 2454 et
686 2394 799 2454 nitidae
821 2395 961 2454 iuvenilis
984 2395 1083 2471 gratia
1106 2393 1219 2466 Pollae,

500 2485 618 2544 flectere
641 2487 699 2544 iam
725 2482 864 2563 cupidum
889 2503 1019 2561 gressus,
1045 2504 1105 2563 qua
1128 2483 1221 2542 limite
1245 2493 1314 2542 noto

500 2576 600 2654 Appia
623 2575 781 2652 longarum
805 2575 910 2632 teritur
932 2574 1038 2650 regina
1060 2573 1186 2635 viarum.

501 2664 552 2723 sed
576 2666 680 2723 iuvere
704 2683 803 2722 morae
826 2661 944 2742 placido
968 2663 1073 2722 lunata
1096 2681 1216 2722 recessu

500 2754 570 2812 hinc
593 2764 684 2832 atque
707 2745 775 2811 hinc
799 2772 906 2811 curvas
930 2761 1127 2831 perrumpunt
1150 2751 1238 2810 litora
1260 2771 1358 2830 rupes.

434 2844 482 2901 15.
502 2841 553 2900 dat
576 2851 684 2901 natura
707 2842 804 2901 locum
828 2843 981 2920 montique
1004 2842 1166 2900 intervenit
1188 2861 1279 2899 unum

443 2927 446 2936 ’
503 2932 573 2990 litus
597 2943 625 2990 et
649 2934 680 2990 in
704 2941 797 2992 terras
821 2931 951 3011 scopulis
973 2930 1174 3009 pendentibus
1198 2932 1261 2988 exit

411 3067 413 3072 .
501 3023 599 3098 gratia
622 3023 718 3100 prima
741 3021 812 3079 loci:
837 3022 958 3096 gemina
981 3019 1132 3078 testudine
1154 3018 1270 3079 fumant

504 3111 620 3182 balnea,
645 3121 674 3169 ct
698 3131 714 3169 e
737 3112 822 3169 terris
846 3111 972 3169 occurrit
995 3108 1089 3169 dulcis
1113 3128 1213 3167 amaro

503 3201 635 3279 nympha
658 3201 741 3262 mari.
765 3200 840 3258 levis
864 3199 911 3257 hic
935 3199 1040 3257 Phorci
1065 3198 1172 3258 chorus
1195 3197 1315 3277 udaque
1339 3200 1434 3258 crines

434 3290 486 3352 20.
505 3287 671 3369 Cymodoce
694 3288 858 3368 viridisque
882 3289 964 3367 cupit
987 3287 1115 3347 Galatea
1138 3287 1243 3350 lavari.

503 3389 573 3437 ante
596 3376 714 3438 domum
738 3377 869 3437 tumidae
892 3376 1060 3436 moderator
1083 3378 1220 3436 caerulus
1242 3376 1342 3436 undae

501 3468 632 3527 excubat
655 3470 774 3527 innocui
798 3478 895 3526 custos
918 3466 1002 3540 laris3
1028 3466 1116 3525 huius
1140 3468 1234 3526 amico

502 3567 642 3637 spumant
665 3558 777 3636 templa
800 3557 871 3618 salo.
894 3556 994 3614 felicia
1016 3576 1085 3614 rura
1109 3565 1209 3616 tuetur

417 3637 419 3642 ’
503 3647 639 3726 Alcides3
664 3645 776 3724 gaudet
799 3647 918 3723 gemino
942 3646 998 3705 suh
1021 3647 1144 3705 numine
1166 3654 1277 3726 portus.

435 3739 484 3796 25.
503 3735 552 3794 hic
575 3727 675 3796 servat
698 3747 802 3812 terras,
827 3737 874 3793 hic
898 3737 994 3794 saevis
1017 3735 1156 3794 fluctibus
1179 3736 1277 3794 obstat

504 3827 578 3884 mira
601 3827 701 3906 quies3
726 3826 828 3905 pelagi
851 3834 967 3904 ponunt
990 3825 1039 3884 hic
1062 3825 1140 3884 lassa
1163 3824 1291 3885 furorem

504 3935 636 3996 aequora
659 3927 688 3974 et
711 3917 808 3974 insani
831 3917 945 3994 spirant
968 3915 1142 3974 clementius
1167 3916 1266 3975 austri.

504 4003 551 4063 hic
575 4025 718 4084 praeceps
743 4007 840 4063 minus
864 4002 956 4063 audet
980 4003 1074 4062 hiems
1098 4004 1242 4083 nulloque
1266 4003 1395 4062 tumultu

504 4103 612 4170 stagna
636 4093 769 4154 modesta
793 4097 890 4152 iacent
915 4092 1086 4171 dominique
1109 4094 1258 4151 imitantia
1282 4112 1384 4154 mores,

345 4215 554 4224 ——-—.——.

416 4281 487 4334 quae
505 4268 612 4322 concinis
631 4269 774 4338 quadratis
793 4265 901 4321 incluso
917 4273 988 4334 euru,
1007 4268 1035 4320 in
1053 4283 1156 4321 rasura
1170 4265 1303 4336 deptaretur.
1334 4268 1392 4319 lia
1406 4283 1457 4335 my.

345 4343 401 4390 ost.
431 4336 523 4397 hromo
552 4338 582 4392 M
608 4341 633 4394 5.
662 4338 784 4410 U[ri]tur
813 4337 849 4391 M.
892 4339 934 4391 16.
963 4338 1084 4393 interrae
1123 4341 1162 4392 18.
1192 4338 1292 4392 eterris
1330 4341 1372 4393 23.
1401 4338 1458 4392 solo

345 4411 386 4463 96.
407 4406 529 4479 [o]bstat.
567 4413 609 4466 26.
629 4412 657 4464 in
676 4419 731 4466 ext.
751 4427 814 4480 my:
832 4409 911 4464 miru.
