3440 5096
673 475 891 536 „35-

222 651 338 712 lumina
360 687 402 698 -
427 653 565 734 captivus
588 649 687 716 lusam
710 652 787 713 inter
810 651 912 714 vinela
940 652 1070 734 petebat.
1095 651 1132 714 ol.
1159 621 1249 713 etiam
1274 654 1341 721 silv.

221 741 267 802 IV
291 744 322 816 6,
339 743 391 806 36.
415 744 443 804 V
468 748 497 823 5,
516 748 566 806 69.
590 743 618 803 V
644 747 671 817 1,
698 744 771 804 237.
797 744 835 805 al.
884 742 943 803 Sed
967 751 1123 823 praeterea
1146 742 1343 804 Marklandus

221 830 400 893 latinitatem
433 833 587 914 postulare
620 828 691 892 dicit
725 844 806 911 ,ante
833 842 958 893 cunetas
982 830 1101 893 eminet’
1130 853 1184 913 pro
1219 835 1343 915 ,eunetis

222 919 354 985 eminet’.
399 922 588 983 Burmannus
611 923 638 982 ei
669 921 827 983 oblocutus
860 922 976 1005 ,procul
1003 919 1128 983 onuotis’
1157 923 1343 1001 iungendum

222 1029 287 1072 esse
310 1011 450 1075 affirmat.
496 1014 642 1092 Separata
668 1033 688 1070 a
714 1011 839 1092 reliquia
866 1012 1001 1073 membra
1023 1011 1128 1073 domus
1151 1010 1251 1073 dioere
1273 1033 1344 1093 poe-

222 1113 293 1164 tam.
341 1100 427 1177 Quae
456 1103 606 1163 sententia
637 1103 796 1181 quominus
824 1102 896 1162 mibi
925 1102 1079 1182 probetur,
1110 1103 1240 1162 maxime
1267 1102 1343 1162 illud

221 1188 357 1270 impedit,
386 1190 467 1272 qnod
491 1211 529 1253 ex
558 1190 755 1273 sequentibus
779 1190 909 1252 dilucide
932 1193 1124 1270 eognosoitur
1147 1211 1208 1252 non
1231 1194 1342 1272 promi·

222 1289 313 1340 nente
343 1281 403 1341 situ
435 1281 583 1342 excellere
615 1279 744 1340 diaetam
775 1280 866 1361 illam,
897 1280 949 1342 sed
981 1283 1188 1342 aestimatione
1221 1280 1343 1345 domini.

224 1370 289 1430 Hae
319 1371 413 1448 igitur
442 1373 494 1431 via
525 1370 601 1430 nibil
631 1371 764 1431 exsecuti
796 1391 905 1434 sumus.
951 1370 1011 1432 Sed
1040 1370 1188 1433 eminendi
1218 1372 1342 1432 verbum

227 1479 289 1519 oum
320 1459 423 1521 dativo
456 1461 667 1538 coniungitur,
704 1480 877 1542 quanquam
909 1459 1106 1521 Marklandus
1141 1463 1266 1540 negavit
1300 1462 1343 1521 sio
1452 1509 1456 1518 .

223 1550 364 1612 inveniri:
398 1549 435 1613 ol.
465 1550 541 1612 Aob.
573 1552 589 1609 I
614 1554 668 1612 58:
706 1549 841 1632 ,placidis
867 1552 932 1627 ipse
959 1549 1072 1611 arduus
1099 1549 1188 1611 undis
1212 1551 1342 1615 eminet.

217 1637 330 1718 proed
352 1640 502 1718 signifieat
530 1640 643 1718 multo,
672 1640 786 1716 longe’:
816 1639 852 1704 ol.
878 1641 1019 1701 Vollmeri
1050 1638 1088 1699 ad
1112 1640 1143 1700 Il
1169 1645 1198 1714 6,
1224 1642 1265 1700 34
1293 1640 1342 1699 ad·

222 1731 412 1793 notationem.
420 1727 446 1813 1)
484 1729 598 1810 ,procul
633 1731 772 1790 eminere’
809 1729 915 1789 dieitur
947 1731 1037 1790 etiarn
1069 1729 1167 1790 Theb.
1195 1729 1241 1789 IV
1265 1732 1343 1792 221:

223 1819 337 1900 ,procul
364 1821 429 1900 ipse
457 1821 545 1897 gravi
573 1817 740 1879 mutuandis
768 1820 799 1878 in
822 1819 909 1878 basta
932 1821 1044 1880 eminet
1067 1815 1136 1880 etu'
1182 1820 1287 1879 Restat
1309 1833 1344 1878 ut

222 1910 326 1987 paucis
353 1908 391 1969 de
413 1929 487 1969 vooe
517 1902 641 1991 ‘diaeta’
670 1927 805 1985 agamus.
853 1908 1010 1984 Significat
1037 1917 1138 1968 autem
1168 1909 1266 1968 looum
1289 1909 1343 1968 ubi

222 1998 358 2058 homines
381 1998 528 2059 habitant.
569 1996 666 2073 Quam
690 1997 729 2057 ob
752 2018 814 2058 rem
837 1996 925 2057 modo
947 2017 1052 2070 uuum,
1076 1996 1165 2057 modo
1189 1998 1343 2077 complura

223 2088 379 2148 conclavia
400 2096 492 2152 notat.
539 2088 633 2148 Looos
656 2086 811 2147 Plinianos
835 2106 872 2148 ex
899 2087 1036 2167 epistulis
1060 2087 1246 2147 examinavit
1267 2086 1343 2147 Her·
1390 2119 1396 2133 ·

221 2197 349 2238 mannus
379 2175 603 2257 Winuefeld²):
646 2175 683 2236 ad
724 2195 817 2238 unum
849 2177 993 2238 oonolave
1027 2178 1105 2237 siout
1138 2186 1241 2237 nostro
1276 2177 1341 2237 loco

222 2277 352 2347 spectat:
375 2268 406 2327 11
432 2268 482 2339 17,
511 2269 560 2329 12.
588 2271 636 2329 15.
682 2266 784 2327 Dubia
807 2277 852 2327 est
874 2268 969 2329 notio:
994 2265 1054 2327 VH
1079 2271 1109 2342 5,
1136 2271 1163 2330 1.

312 2360 364 2420 84.
396 2374 477 2435 quoe
506 2353 563 2419 tibi
585 2353 805 2436 Parthenopen
835 2354 955 2423 derecto
982 2353 1079 2418 limite
1096 2353 1189 2436 ponti
1210 2353 1341 2436 iuquit:

222 2466 262 2506 ex
289 2465 350 2526 qua
378 2445 491 2506 direeta
518 2456 602 2507 trans
629 2466 711 2506 mars
741 2446 822 2506 linea
852 2446 996 2526 prospieis
1024 2446 1192 2525 Neapolim.
1222 2445 1342 2506 derecto

220 2536 313 2596 limus
337 2535 374 2599 of.
397 2535 576 2604 indirecto
600 2537 688 2597 verr.
713 2533 751 2596 de
772 2536 846 2615 ling.
863 2537 931 2598 Lat.
957 2535 1016 2597 VII
1040 2540 1070 2610 2,
1089 2539 1140 2609 83,
1160 2557 1221 2620 per
1244 2536 1342 2602 direc-

221 2631 289 2692 tum
312 2625 390 2688 Pliu.
415 2626 445 2686 h.
469 2647 498 2691 n,
523 2627 549 2687 V
575 2628 627 2688 80.
652 2627 717 2688 sim.

312 2720 363 2780 85.
385 2712 435 2778 bio
449 2713 547 2782 Grais
566 2713 696 2795 prauus
711 2712 829 2778 delectu
851 2711 987 2778 metatu
1001 2732 1101 2777 saue:
1125 2734 1179 2795 pro
1202 2733 1237 2774 eo
1261 2713 1341 2794 qnod

221 2806 253 2864 in
279 2804 365 2866 libris
394 2814 505 2868 exstat:
540 2802 658 2868 delecto
681 2807 829 2866 Aventius
852 2803 991 2884 ‘desecta'
1016 2805 1152 2884 oonisoit,
1177 2814 1342 2864 commotus

220 2895 252 2954 ni
274 2894 364 2955 fallor
386 2895 453 2956 loeo
476 2894 640 2958 simillimo:
663 2895 679 2954 Ῑ
703 2900 732 2966 6,
759 2897 815 2957 36:
842 2894 939 2973 ,flavis
960 2892 1129 2954 Nomadum
1154 2891 1259 2956 decisa
1282 2913 1342 2952 me·

221 2983 303 3045 tallia
319 3023 361 3032 -
378 2983 476 3061 area'3
500 2985 661 3064 plerosque
684 2992 784 3044 autem
808 2985 888 3044 viros
912 2982 1015 3044 doctos
1038 2983 1147 3043 babuit
1168 2992 1340 3049 sectatores.

222 3073 281 3135 Ssd
311 3074 410 3134 obiter
439 3085 556 3134 tantum
587 3074 714 3135 eontulit
742 3073 810 3134 illos
840 3073 921 3133 loeos
950 3092 1051 3154 neque
1082 3071 1155 3153 quid
1186 3074 1343 3132 interesset

221 3163 442 3226 animadvertit.
494 3163 573 3224 Nam
603 3165 628 3224 si
661 3163 790 3244 ,penitus
823 3161 912 3224 Grais
944 3160 1065 3224 desecta
1095 3163 1225 3222 metallis
1257 3163 1340 3221 saxa’

221 3251 375 3334 diountur,
412 3253 449 3313 de
483 3255 525 3314 eis
559 3251 765 3314 tantummodo
800 3253 966 3331 generibus
997 3271 1177 3313 marmorum
1209 3252 1343 3328 cogitare

221 3343 302 3418 lioet,
331 3364 412 3424 quae
433 3364 494 3403 non
522 3345 554 3403 in
577 3343 746 3423 lapicidinis
770 3344 949 3421 gignuntur,
974 3342 1027 3402 sad
1051 3342 1108 3402 sub
1132 3351 1214 3402 terra
1237 3360 1342 3421 sparsa

221 3443 304 3496 sunt:
339 3432 375 3492 el.
400 3433 477 3494 Plin.
506 3433 535 3495 h.
558 3454 587 3497 n.
615 3431 757 3493 XXXVI
790 3438 842 3494 55.
890 3431 975 3508 Quod
1000 3442 1100 3492 tamen
1124 3452 1164 3491 ex
1192 3431 1235 3490 ais
1264 3449 1343 3510 quae

221 3523 417 3604 sequentibus
440 3522 577 3583 versibus
592 3532 816 3602 enumerentur,
840 3522 879 3583 de
902 3522 963 3582 solo
979 3519 1218 3581 Lacedaemonio
1241 3518 1342 3599 lapide

221 3613 312 3676 valet.
366 3610 536 3672 Abioienda
565 3613 659 3690 igitur
690 3623 735 3672 eat
764 3611 817 3671 illa
847 3613 1018 3672 coniectura
1049 3608 1221 3691 traditaque
1253 3609 1341 3669 leutio

220 3700 400 3766 revocanda.
437 3705 540 3782 Atque
557 3700 691 3780 ,delecta'
717 3703 829 3781 optime
853 3700 994 3782 quadrat:
1019 3711 1050 3760 et
1072 3719 1185 3780 genere
1202 3711 1232 3759 et
1247 3699 1343 3758 forma

222 3801 363 3852 aoourate
385 3791 520 3853 delectae
543 3802 614 3851 sunt
636 3811 735 3874 areae,
753 3811 832 3871 quae
848 3793 879 3850 in
894 3789 1065 3850 illa-diaeta
1079 3798 1247 3869 usurpatae
1263 3798 1341 3852 sunt.

221 3881 345 3942 Metalla
368 3890 469 3942 autem
492 3901 546 3962 pro
569 3878 739 3960 lapicidinis
763 3880 822 3941 diei
845 3889 950 3941 uotum
974 3889 1031 3942 est:
1056 3879 1093 3944 ol.
1110 3900 1137 3940 e.
1155 3899 1186 3956 g.
1210 3879 1273 3961 15,
1288 3881 1340 3940 36.

220 3971 267 4031 111
294 3974 321 4052 1,
345 3977 375 4034 5.
399 3969 447 4035 IV
473 3975 503 4043 3,
529 3974 580 4032 99.
605 3970 644 4032 al.
764 4021 767 4027 ,

311 4065 363 4124 86.
399 4062 483 4146 qood
497 4059 750 4146 Eoueresporpr't
764 4081 847 4127 verra
866 4058 1005 4144 Syenes:
1030 4055 1164 4118 eiusdem
1187 4057 1341 4117 marmoris

220 4151 400 4211 mentionem
430 4152 503 4210 faeit
533 4159 623 4231 poeta
654 4153 685 4210 in
708 4151 826 4210 Palatio
854 4149 1019 4209 Domitiani
1051 4144 1259 4208 describendo:
1294 4145 1342 4209 IV

311 4361 332 4431 ²)
349 4359 522 4416 Fleckeiseui
540 4377 603 4445 ann.
622 4359 751 4416 CXLVII
768 4360 862 4431 (1893)
879 4375 906 4428 p.
925 4361 986 4414 830.

311 4433 332 4506 ²)
351 4431 447 4489 Jahrb.
468 4433 492 4487 d.
512 4433 581 4490 kara.
601 4431 907 4489 deutsob.uroh.1nst.
927 4431 969 4486 VI
987 4448 1013 4501 p.
1034 4433 1085 4488 207
1104 4431 1166 4487 adn.

1127 4539 1161 4593 ὃ*
