3440 5096
779 485 999 514 ..Η-

331 655 476 714 arrogans
499 645 534 696 ut
558 634 736 696 Mercurium
760 642 860 698 tacere
876 633 978 693 iubeat
1001 632 1057 692 nisi
1081 629 1137 694 sibi
1161 633 1279 693 serviat.
1319 631 1448 693 Dimittit

331 745 398 787 eum
422 725 516 787 donec
539 726 605 785 aliis
629 722 813 784 adiutoribus
836 725 940 786 utitur.

420 816 494 876 Leni
512 817 692 876 correctione
707 814 794 874 nobie
811 812 930 874 videtur
954 833 1029 894 opus
1054 832 1120 872 esse
1137 814 1243 874 versui
1269 813 1309 874 57
1328 809 1448 880 Kalen-

331 907 447 974 darum
474 905 697 973 Decembrium
726 903 766 989 (I
772 901 817 987 6).
864 904 946 964 Inter
975 903 1105 962 couvIvii
1135 903 1270 962 fremitus
1297 902 1449 982 luxusque

439 1035 490 1094 52.
516 1030 672 1111 spectandi
693 1029 768 1091 levis
792 1030 900 1106 effugit
923 1029 1078 1110 voluptas:

513 1131 573 1180 etat
595 1140 684 1180 sexus
706 1119 789 1179 rudis
811 1120 985 1198 insciusque
1007 1120 1077 1180 ferri

513 1221 543 1270 et
566 1229 685 1290 pugnas
708 1211 790 1289 capit
811 1209 965 1290 improbus
989 1209 1100 1272 viriles.

439 1305 490 1361 55.
515 1298 620 1359 credas
643 1297 681 1356 ad
704 1299 831 1358 Tanaim
856 1299 1012 1378 forumque
1036 1299 1146 1358 Phasin

512 1388 797 1448 Thermodontiaeas
821 1388 918 1447 calore
941 1396 1062 1450 turmas.

331 1552 419 1592 versu
455 1534 496 1593 52
532 1553 550 1590 a
585 1533 711 1592 veritate
746 1531 835 1607 plane
866 1529 1009 1589 abhorret
1038 1531 1209 1590 coniectura
1239 1528 1449 1613 Baehreusii1)

257 1675 260 1680 .
334 1615 449 1705 ‘affuitfl
487 1620 572 1681 Adeo
596 1622 674 1681 enim
691 1621 834 1680 convivas
857 1621 889 1679 in
913 1639 986 1680 cena
1002 1632 1159 1698 occupatos
1176 1645 1242 1686 esse
1265 1616 1337 1678 dicit
1359 1629 1450 1699 poelt

333 1720 367 1771 ut
396 1709 551 1791 spectandi
581 1710 658 1770 levis
690 1710 831 1791 voluptas
862 1731 913 1772 eos
943 1731 1040 1793 paene
1069 1713 1176 1792 fugiat.
1222 1712 1338 1774 Deinde
1369 1707 1448 1788 quod

332 1799 473 1860 traditum
502 1811 547 1860 est
571 1803 644 1884 ‘stat
666 1799 783 1874 seme',
814 1800 895 1862 haud
923 1803 985 1863 scio
1008 1824 1047 1863 an
1070 1804 1214 1883 explicari
1237 1804 1339 1883 possit.
1381 1797 1449 1856 Non

335 1901 469 1970 apparet,
494 1889 545 1950 sed
562 1891 661 1950 subito
677 1888 777 1966 adest3
794 1892 958 1951 vernacula
972 1893 1091 1971 lingua:
1119 1893 1157 1953 da
1172 1897 1252 1954 steht
1274 1893 1330 1953 auf
1341 1887 1450 1954 oinmal

332 1980 379 2040 da.
410 2002 439 2042 v.
470 1985 511 2042 54
541 2001 580 2042 ex
607 1980 788 2042 editionibus
816 1982 994 2059 vulgaribus
1021 1982 1225 2064 recipiendum
1253 2003 1320 2043 esse
1343 2003 1449 2044 censeo

333 2064 393 2152 (et.
424 2071 499 2130 Rem
516 2090 616 2150 neque
632 2072 797 2151 explicavit
813 2091 913 2151 neque
928 2073 1075 2133 intellexit
1090 2073 1235 2152 Stangius
1252 2074 1283 2152 (l.
1299 2073 1319 2136 l.
1337 2094 1367 2154 p.
1386 2071 1450 2155 35).

332 2158 412 2235 Quid
443 2180 571 2244 ‘pugnas
600 2159 680 2221 dare’
710 2163 748 2220 sit
775 2199 816 2208 —
850 2163 975 2222 coniecit
1005 2164 1083 2222 enim
1117 2158 1184 2249 ‘dat’
1218 2184 1271 2244 pro
1305 2160 1381 2248 ‘stat’
1406 2203 1451 2212 -

333 2250 431 2309 minue
456 2252 545 2310 etiam
568 2253 748 2330 perspicitur
776 2273 866 2333 quam
891 2250 964 2331 quid
989 2272 1116 2336 ‘pugnas
1140 2250 1267 2333 capere',
1312 2251 1372 2312 Sed
1394 2251 1450 2312 hoc

330 2338 556 2419 nunc‘quidem
579 2341 610 2398 iu
635 2360 779 2416 suspenso
802 2340 1033 2420 relinquendum
1056 2352 1110 2406 est.
1134 2377 1176 2388 --
1199 2344 1271 2403 Post
1294 2343 1450 2402 mulierum

332 2447 453 2507 pugnas
480 2428 678 2508 pumilionum
706 2431 819 2508 proelia
850 2430 1066 2493 describuntur.
1113 2433 1282 2512 Utrumque
1312 2431 1451 2492 ludorum

333 2538 430 2596 genus
453 2518 491 2577 ab
507 2521 688 2610 imperatore
703 2518 816 2579 editum
841 2529 893 2579 est.
929 2519 1026 2594 Quam
1051 2522 1176 2581 obrem
1198 2523 1271 2582 mihi
1294 2521 1451 2581 considera

334 2607 480 2668 meliusne
507 2608 627 2685 legatur
653 2630 682 2672 v.
711 2611 763 2672 57.
791 2628 847 2692 pro
877 2608 943 2691 ‘bic’
975 2604 1079 2688 (bine'.
1124 2612 1233 2690 Neque
1260 2613 1339 2671 enim
1362 2611 1454 2671 habet

334 2697 411 2756 illud
439 2692 505 2781 ‘hio‘
524 2717 583 2777 quo
600 2707 726 2779 spectet,
742 2710 901 2778 postquam
917 2698 1092 2760 Baehrensii
1106 2700 1264 2761 lectionem
1279 2702 1453 2780 sprevimus.

334 2785 423 2846 Adde
446 2786 528 2866 quod
550 2809 611 2848 non
628 2787 733 2848 eodem
749 2798 882 2868 ternpore
905 2799 998 2868 atque
1020 2790 1160 2851 mulieres
1184 2790 1361 2870 pumiliones
1385 2810 1453 2870 pro·

334 2875 438 2936 ductos
462 2896 537 2948 esse,
561 2877 614 2939 sed
637 2889 706 2958 post
729 2899 779 2939 eas
801 2878 962 2938 verieimsse
985 2889 1040 2942 est.

422 2965 471 3024 Ad
498 2969 681 3028 notissimam
711 2968 749 3028 de
771 2968 903 3028 Semeles
925 2979 1021 3028 morte
1043 2970 1177 3030 fabulam
1201 2969 1314 3030 Statius
1338 2967 1453 3029 adludit

331 3055 548 3140 Heme

441 3182 513 3261 quid
536 3183 662 3242 referam
685 3183 822 3242 altricum
847 3184 941 3242 victas
964 3185 1076 3263 pietate
1099 3183 1261 3263 parentes?

441 3271 513 3351 quid
537 3283 568 3332 te
590 3281 659 3351 post
682 3274 795 3332 cineres
819 3271 1004 3352 deceptaque
1026 3274 1133 3332 lunera
1155 3274 1258 3332 matris

440 3363 534 3420 tutius
556 3364 630 3421 Inoo
652 3370 821 3442 reptantem
844 3373 975 3441 pectore,
998 3362 1139 3422 Bacche?

334 3506 469 3583 Decepta
481 3505 587 3565 funera
599 3507 700 3564 metris
713 3504 785 3584 qnid
801 3507 869 3580 sint,
887 3525 947 3564 uon
958 3505 1145 3584 intellegitur
1159 3506 1217 3565 nisi
1230 3506 1384 3587 epitheton
1400 3527 1456 3587 per

334 3589 509 3670 ἐναλλαγὴν
525 3595 702 3653 translatum
726 3615 791 3653 csso
808 3596 966 3654 statuimus
989 3615 1055 3653 cnm
1072 3595 1261 3658 Marklando.
1302 3599 1389 3656 Certe
1412 3597 1455 3656 nil

334 3683 635 3759 agitLebanneurius
646 3685 679 3762 (l.
693 3685 712 3747 l.
724 3705 753 3762 p.
769 3680 825 3764 86)
840 3704 906 3742 cum
917 3679 1077 3767 ‘despecta’
1087 3684 1249 3762 legendum
1259 3705 1324 3745 esse
1334 3688 1452 3747 conicit.

334 3774 420 3848 Quae
431 3773 600 3853 corruptele
617 3775 696 3832 absit
711 3795 730 3831 a
742 3773 853 3833 Statio!
876 3774 1004 3833 Accedit
1016 3775 1142 3834 alterum
1159 3773 1239 3854 quod
1252 3776 1342 3833 miror
1354 3776 1454 3834 Mark-

333 3860 456 3921 landum
472 3883 533 3941 qua
550 3873 613 3922 erat
630 3863 781 3939 elegantia
797 3873 828 3921 et
843 3863 1017 3922 urbanitate
1033 3885 1093 3922 uon
1109 3866 1294 3942 cognovisse.
1335 3863 1454 3925 Funera

335 3952 411 4010 enim
425 3963 454 4012 et
466 3952 557 4031 plene
568 3951 647 4011 idem
660 3953 765 4010 valent
775 3952 806 4014 h.
819 3952 839 4012 l.
854 3963 946 4032 atque
961 3949 1093 4038 ¹cineres'
1110 3963 1140 4012 et
1152 3955 1256 4034 inepte
1263 3956 1453 4032 postcineres

334 4041 365 4099 h.
383 4062 409 4102 e.
433 4053 501 4120 post
523 4043 790 4101 concremationem
815 4053 1090 4104 commemorantur.
1134 4044 1237 4121 Atque
1260 4043 1454 4102 llerklandus

335 4129 456 4209 quidem
491 4127 633 4216 ‹tulmina'
665 4130 716 4190 vel
749 4129 889 4214 ‘fulgura'
921 4133 1048 4192 coniecit
1075 4141 1219 4208 congesta
1247 4132 1328 4192 nube
1355 4153 1454 4193 exem-

337 4220 453 4298 plorum
479 4220 590 4299 quibus
613 4222 774 4298 genetivus
800 4218 921 4304 ‘mamis’
950 4242 1011 4281 non
1038 4221 1214 4301 explicatur.
1260 4221 1319 4282 Sed
1342 4221 1453 4282 leniore

427 4413 450 4481 ¹)
467 4428 537 4468 mus.
556 4411 643 4468 Bhen.
663 4415 717 4468 vol.
737 4412 862 4467 XXVIII
880 4412 975 4483 (1873)
994 4431 1019 4482 p.
1040 4413 1100 4468 254.
