3440 5096
781 415 972 471 ..8.-

316 590 421 650 saucia
444 589 572 648 Esacum
588 621 632 634 -
647 589 794 649 Aesacum
811 587 915 649 debuit
938 588 1042 648 saltem
1066 588 1196 649 scribere
1221 624 1261 636 -
1285 588 1438 651 ardentem

318 678 468 757 effugerit.
516 677 610 739 Doleo
627 699 675 739 me
696 697 756 737 non
777 697 959 756 cognoscere
981 679 1136 755 ingenium
1159 688 1266 759 poetae
1290 681 1341 759 qui
1364 679 1439 739 haec

317 767 478 828 occultavit
500 766 556 826 sub
580 766 680 827 verbis
704 767 799 830 hisce:

611 889 722 950 viduae
746 889 929 952 Cebrenidos
953 889 1037 952 arida
1059 892 1143 952 luctu

477 981 609 1043 flumina.

407 1105 487 1166 Num
511 1104 627 1164 miraris
650 1113 781 1183 poetam,
813 1106 866 1185 qui
890 1106 932 1164 sic
956 1105 1135 1186 explicatur,
1167 1107 1198 1165 in
1226 1107 1353 1166 involuti
1380 1126 1439 1167 ser·

319 1197 414 1256 monis
438 1194 631 1275 opprobrium
655 1193 780 1254 venire?
826 1193 885 1254 Res
906 1205 1012 1274 aperta
1033 1205 1078 1254 est
1098 1216 1197 1276 neque
1214 1215 1289 1275 opus
1306 1207 1351 1256 eet
1366 1215 1439 1255 sano

319 1285 430 1345 homini
454 1282 587 1343 indicare
612 1280 807 1342 Cebrenidem
832 1303 895 1344 esse
919 1283 1063 1345 Oenonen
1071 1282 1105 1363 1).

409 1371 468 1433 Sed
491 1373 549 1431 iam
573 1371 663 1431 finem
686 1371 832 1432 faciamus
852 1372 1019 1452 praefandi.
1067 1375 1147 1434 Satis
1168 1393 1320 1453 superque
1337 1373 1385 1432 vel
1402 1394 1439 1432 ex

322 1464 366 1523 his
390 1462 536 1542 exemplis
559 1462 616 1521 erit
639 1462 793 1538 cognitum
808 1463 839 1521 in
860 1461 1083 1544 interpretando
1100 1463 1193 1524 Statio
1209 1484 1268 1522 non
1285 1463 1360 1521 nihil
1376 1482 1441 1522 esse

321 1553 466 1612 relictum.
512 1550 614 1630 Atque
646 1551 804 1610 succrescit
835 1570 913 1610 nova
944 1548 1085 1612 silvarum
1121 1551 1213 1612 editio
1244 1572 1323 1632 quae
1354 1552 1441 1611 nobis

321 1640 565 1700 commentarium
589 1640 777 1714 exegeticum
801 1639 1016 1720 suppeditabit.
1063 1640 1141 1701 Nam
1165 1643 1346 1719 ignominias
1372 1642 1441 1700 licet

322 1732 360 1789 sit
383 1730 492 1789 nostris
515 1728 713 1809 temporibus:
745 1734 778 1788 in
806 1728 983 1808 explicando
1007 1729 1102 1790 Statio
1124 1733 1213 1790 unice
1236 1731 1297 1791 lere
1321 1731 1442 1789 nitimur

322 1821 352 1879 in
368 1817 485 1878 Barthii
505 1816 740 1898 aequaliumque
764 1817 953 1893 editionibus,
978 1839 1057 1899 quae
1078 1821 1155 1880 sicut
1178 1820 1229 1879 illa
1250 1829 1349 1880 aetate
1364 1840 1441 1879 aum·

285 1981 290 1990 .
323 1929 402 1968 mum
426 1909 566 1988 plausum
583 1909 688 1966 merito
706 1907 849 1981 tulerunt,
874 1909 916 1967 ita
932 1908 1031 1989 hodic,
1048 1909 1101 1968 ubi
1118 1911 1229 1970 maiora
1245 1909 1440 1989 postulamus,

323 1998 443 2058 minime
467 1996 629 2058 sufficiunt.
677 1995 774 2071 Quam
799 1996 837 2056 ob
862 2017 924 2056 rem
948 2017 1002 2059 nos
1017 2019 1071 2079 pro
1088 1998 1168 2059 virili
1185 2009 1270 2079 parte
1285 1997 1360 2058 illud
1378 1999 1440 2075 egi·

323 2108 402 2161 mus,
435 2095 470 2146 ut
493 2106 584 2145 unam
614 2106 652 2145 ex
675 2084 757 2145 silvis
782 2086 918 2163 eclogam
946 2089 989 2147 ita
1018 2090 1258 2169 interpretemur,
1291 2099 1324 2148 ut
1348 2087 1442 2148 verba

323 2185 431 2257 poetae
453 2176 573 2256 penitus
597 2175 710 2254 possint
732 2175 877 2252 intellegi.

412 2265 592 2344 Priusquam
624 2272 724 2323 autem
755 2262 793 2322 ad
825 2265 915 2324 villae
946 2264 1141 2327 Surrentinae
1170 2263 1271 2351 (112)
1301 2305 1341 2315 -
1372 2287 1441 2325 nam

324 2356 403 2413 hanc
441 2353 588 2432 elegimus
622 2351 878 2433 interpretandam
914 2389 954 2398 -
990 2355 1219 2435 explicationem
1254 2353 1441 2428 accedamus,

323 2445 427 2524 paucis
449 2442 552 2502 licebit
575 2441 648 2522 quid
680 2440 718 2502 de
741 2442 836 2502 titulis
865 2443 1051 2520 singulorum
1083 2447 1248 2505 carminum
1276 2443 1443 2503 iudicemus

323 2536 354 2592 in
379 2532 508 2592 medium
532 2531 674 2611 proferre.
721 2531 799 2591 Nam
823 2552 902 2612 quae
927 2531 963 2593 de
987 2535 1029 2594 eis
1053 2555 1133 2594 nunc
1155 2534 1248 2610 vulgo
1271 2543 1442 2592 statuuntur

324 2623 397 2682 ferri
420 2622 541 2681 minime
564 2641 652 2702 posse
674 2620 825 2684 videntur.
872 2621 921 2681 Ab
947 2623 1010 2702 ipso
1031 2637 1128 2703 poeta,
1154 2643 1232 2703 quse
1253 2620 1379 2696 singulis
1395 2640 1442 2678 ec·

324 2713 401 2789 logis
423 2712 567 2790 inscripta
591 2719 674 2785 sunt,
705 2729 781 2770 non·
797 2730 862 2770 esse
892 2711 1025 2792 profecta
1048 2713 1104 2773 viri
1129 2712 1239 2790 docti2)
1269 2711 1442 2770 conclusere

325 2822 362 2862 ex
386 2801 490 2860 titulis*
503 2801 600 2860 hisce:

538 2943 575 3016 V,
604 2947 634 3006 1:
660 2941 816 3022 epicedion
839 2943 871 3002 in
894 2942 1060 3004 Priscillam
1082 2963 1215 3006 uxorem.

539 3032 577 3104 V,
603 3034 637 3094 3:
662 3030 818 3112 epicedion
839 3033 870 3091 in
893 3043 1008 3113 patrem
1032 3053 1128 3095 suum.

539 3121 577 3194 V,
603 3126 636 3185 5:
662 3120 818 3200 epicedion
840 3123 871 3181 in
894 3142 1022 3203 puerum
1044 3142 1141 3186 suum.

414 3264 442 3324 N
445 3284 492 3323 am
516 3282 596 3346 quae
619 3253 872 3344 contrs'reliquos
889 3265 992 3326 titulos
1008 3266 1124 3346 prolata
1141 3274 1220 3346 sunt,
1246 3265 1359 3330 nullius
1374 3274 1445 3325 sunt

327 3355 476 3416 momenti.
524 3352 669 3428 Quintum
698 3362 798 3413 autem
827 3354 969 3415 silvarum
997 3355 1107 3414 librum
1131 3376 1149 3415 a
1172 3355 1266 3416 Statio
1295 3356 1360 3435 ipso
1385 3374 1443 3414 non

327 3463 392 3503 esse
416 3441 529 3503 editum
552 3443 630 3501 inter
652 3443 734 3502 viros
758 3441 860 3503 doctos
884 3442 1045 3527 constari),
1078 3446 1121 3504 its
1151 3454 1186 3504 ut
1216 3443 1294 3504 hauc
1325 3452 1443 3503 senten·

327 3533 399 3592 tiam
422 3534 508 3591 novis
531 3533 716 3608 argumentis
738 3531 847 3593 lulcire
869 3553 930 3593 non
952 3553 1028 3614 opus
1052 3535 1098 3594 sit.
1145 3537 1186 3593 At
1208 3536 1234 3595 si
1253 3535 1285 3592 in
1301 3532 1351 3592 illo
1368 3532 1444 3592 libro

327 3641 386 3681 non
411 3621 449 3680 ab
473 3622 539 3702 ipso
563 3631 653 3702 poeta
675 3620 754 3682 tituli
780 3621 921 3703 adscripti
944 3632 1028 3704 sunt,
1060 3623 1179 3685 idemne
1210 3622 1289 3683 valet
1320 3620 1357 3681 de
1380 3621 1445 3680 reli·

328 3706 416 3792 quis?
462 3711 593 3774 Minime.
638 3711 732 3770 Immo
764 3712 938 3772 miraremur
970 3715 995 3772 si
1027 3715 1094 3794 quis
1126 3711 1205 3774 nude
1239 3712 1384 3798 teclogam
1406 3709 1445 3768 ad

327 3793 463 3862 uxorem'
489 3800 689 3881 inscripsisset
717 3798 866 3881 idemque,
902 3801 1065 3888 tepicedion
1089 3805 1118 3862 in
1142 3812 1258 3883 patrem
1285 3793 1390 3868 euum’
1417 3809 1446 3860 ot

327 4079 344 4132 p
374 3992 439 4118 116)
452 3989 607 4117 ἕέῃΡὲτιΙι.
632 3995 657 4046 4.
714 3989 764 4050 0v.
788 3994 845 4050 her.
870 3995 894 4050 ὅ.
919 3993 1023 4064 Rohde,
1052 3996 1101 4051 der
1128 3995 1232 4066 griech.
1256 3993 1363 4050 Roman
1391 4000 1444 4051 etc.

418 4133 441 4204 ¹)
461 4133 495 4189 cl.
514 4133 690 4190 Hormsnnns
709 4135 788 4203 Nohl,
809 4137 986 4204 quaestiones
1006 4138 1157 4211 Stetimus,
1177 4139 1242 4193 diss.
1256 4139 1345 4196 Berol
1369 4140 1445 4194 1871.

327 4207 440 4418 {88:¹3
459 4276 496 4403 ἐξ
514 4277 618 4332 pamm
630 4277 787 4348 Kerckh0ff‚
807 4281 878 4336 <¹⁰⁸0
897 4281 1074 4350 (intellimus
1087 4281 1263 4352 Papinianus,
1276 4283 1341 4339 diss.
1354 4281 1445 4337 Berol.
