3440 5096
819 440 1034 497 ..56-

371 616 424 675 illa
448 636 466 674 a
489 623 579 696 poeta
602 614 683 676 edita
706 635 769 677 esse
793 617 905 679 statuit.
951 614 1025 691 Quis
1046 617 1126 678 enim
1147 638 1280 699 unquam
1296 619 1486 698 intellegeret

370 703 482 764 nudum
514 705 589 768 illud
623 699 785 792 ι(ῙαετηέῬ
837 705 882 764 Ac
917 704 1074 766 dummodo
1109 708 1204 787 ipsius
1234 708 1342 770 Uticae
1376 710 1485 768 mentio

367 794 459 854 fierit!
519 795 661 856 Eiusdem
696 796 815 874 generis
851 803 896 854 est
930 795 1005 854 haec
1040 796 1201 876 explicatio
1237 809 1326 877 atque
1360 798 1486 858 Polsteri

371 888 498 965 (quaest.
522 885 596 948 Stat.
621 886 664 945 IV
687 905 714 961 p.
742 880 795 966 10)
829 886 1034 964 interpretatio
1066 905 1170 946 versus
1196 892 1234 948 31
1266 887 1356 947 villae
1378 889 1485 948 Tibur·

371 975 452 1035 tinae
476 975 504 1053 (Ι
524 973 568 1056 3),
594 995 683 1055 quam
708 976 840 1052 tetigisse
865 975 1030 1038 sathaheo.
1077 977 1122 1035 Ac
1146 997 1183 1036 ne
1198 976 1397 1037 schwartzius
1413 977 1447 1059 (l.
1465 978 1484 1036 l.

366 1085 394 1140 p.
423 1063 477 1147 13)
509 1063 629 1144 quidem
657 1064 783 1123 feliciter
816 1063 935 1124 videtur
968 1065 1105 1124 lacunam
1135 1076 1200 1142 post
1222 1088 1251 1128 v.
1279 1069 1319 1128 28
1344 1075 1484 1128 statuere.

369 1154 447 1214 Nam
479 1156 693 1214 sententiarum
725 1173 856 1213 conexus
887 1155 1004 1233 integer
1028 1163 1084 1217 est:
1116 1155 1157 1214 nil
1190 1157 1267 1214 enim
1300 1155 1486 1217 desideratur

367 1244 424 1303 nisi
453 1243 606 1324 epitheton
637 1242 767 1304 Catonis.
816 1247 859 1303 Ac
890 1244 1139 1324 circumspicienti
1169 1244 1241 1302 mihi
1272 1265 1351 1325 quaa
1374 1267 1392 1304 a
1415 1248 1486 1306 viris

375 1331 468 1393 doctis
492 1333 646 1413 proposita
669 1342 738 1391 sunt
762 1368 803 1378 -
828 1344 875 1392 sat
897 1333 988 1411 longa
1011 1336 1101 1394 series
1125 1343 1216 1416 esset,
1245 1335 1269 1392 si
1297 1335 1365 1412 quis
1388 1337 1487 1394 omnia

367 1442 543 1482 enumerare
567 1421 658 1481 vellet
679 1457 719 1468 -
739 1424 838 1502 aptius
862 1423 904 1481 nil
928 1424 1049 1481 invenio
1067 1444 1157 1502 quam
1173 1422 1252 1503 quod
1269 1434 1338 1482 ante
1354 1423 1484 1482 medium

372 1513 488 1572 circiter
510 1510 662 1571 saeculum
686 1511 858 1587 Dtllingius
881 1513 912 1568 in
936 1526 1157 1588 programmate
1180 1509 1364 1592 Plaviensil)
1390 1515 1485 1572 conia-

369 1602 422 1660 cit:
455 1605 615 1668 coorstans.
663 1599 749 1674 Quae
773 1621 832 1659 vox
854 1619 953 1677 neque
977 1598 1052 1658 adeo
1076 1602 1223 1660 alitteris
1251 1600 1366 1660 traditis
1395 1599 1485 1658 distat

367 1699 396 1749 et
419 1688 600 1749 adsensum
624 1691 747 1767 egregie
775 1687 911 1768 quadrat.
960 1687 1112 1748 Succurrit
1140 1699 1239 1750 autem
1270 1689 1342 1748 huic
1370 1691 1483 1749 coniec-

367 1791 462 1853 turae,
488 1777 567 1859 quod
592 1778 664 1840 Cato
688 1781 768 1859 apud
796 1778 876 1838 illius
903 1778 1011 1838 aetatis
1035 1790 1138 1858 poetas
1170 1780 1344 1859 saepissima
1375 1799 1483 1856 cogno-

367 1869 446 1928 mine
480 1868 581 1952 ‘durus
616 1877 784 1943 exornatur,
809 1870 857 1927 cui
881 1868 1028 1927 a'diectivo
1060 1866 1164 1928 eadem
1187 1869 1250 1928 fere
1281 1869 1361 1927 notio
1384 1868 1486 1928 subest

368 1966 459 2037 atque
494 1953 663 2044 ‘constans'‚
695 1978 803 2038 nempe
838 1954 1026 2043 (pertinax's
1052 1958 1089 2020 cf.
1115 1958 1187 2024 Luc.
1212 1958 1337 2020 11380.
1368 1958 1416 2016 IX
1433 1961 1484 2018 50.

370 2051 441 2111 734.
487 2050 574 2111 Mart.
597 2047 732 2126 X12,1.
780 2049 845 2111 luv.
865 2052 913 2120 11,
929 2049 979 2107 90.
1054 2089 1057 2096 ,
1475 2115 1477 2120 y

457 2135 516 2196 Sed
539 2157 597 2197 non
621 2137 760 2196 absoluta
792 2137 864 2196 mihi
895 2135 1047 2196 videretur
1079 2135 1115 2196 de
1139 2136 1195 2196 hoc
1224 2137 1287 2197 loco
1312 2135 1485 2220 disputatio,

257 2233 259 2238 '
367 2228 425 2286 nisi
447 2247 540 2286 unum
564 2246 714 2286 monerem
740 2225 819 2307 quod
842 2226 1047 2288 Baehrensius
1070 2228 1142 2286 mihi
1164 2225 1283 2288 videtur
1305 2226 1485 2305 peccavisse.

371 2316 458 2376 Falso
483 2317 560 2376 enim
581 2325 649 2396 post
669 2315 757 2374 finem
774 2336 878 2376 versus
900 2320 941 2378 30
965 2318 1064 2395 posuit
1083 2324 1236 2396 punctum.
1284 2314 1392 2375 Melius
1409 2323 1488 2374 carte

369 2405 490 2485 profluit
521 2407 615 2464 oratio
646 2407 671 2464 si
693 2405 737 2464 ibi
761 2416 905 2464 commate
928 2407 1161 2485 interpungitur‚
1197 2407 1239 2464 ita
1262 2413 1296 2465 ut
1318 2415 1404 2484 pater
1426 2423 1486 2463 non

369 2494 464 2554 solum
496 2503 595 2573 terge,
629 2493 732 2554 videre
761 2495 890 2576 dicatur,
921 2494 974 2554 sed
1005 2496 1096 2554 etiam
1123 2495 1210 2554 tueri.
1265 2496 1357 2554 Recte
1387 2503 1486 2554 autem

370 2585 564 2662 distinguitur
586 2593 673 2665 pater
693 2583 722 2646 h.
747 2604 772 2648 e.
797 2585 867 2644 Divi
893 2585 1071 2664 Vespasiani
1095 2584 1237 2663 templum
1262 2605 1280 2642 a
1303 2581 1486 2644 Concordiae

371 2673 459 2735 aede:
484 2695 552 2733 nam
577 2672 652 2733 illud
673 2695 691 2732 a
708 2685 792 2751 tergo
808 2693 880 2734 vere
895 2683 950 2753 cst,
976 2675 1050 2734 haec
1065 2695 1083 2733 a
1099 2675 1192 2733 latere
1208 2674 1359 2753 prospicit.
1399 2670 1486 2747 Quod

370 2762 536 2824 Concordia
568 2761 680 2822 blando
711 2763 799 2823 vultu
830 2762 937 2823 dicitur
969 2763 1087 2842 videre,
1119 2761 1243 2822 ridicule
1274 2765 1487 2841 interpretatus

372 2861 418 2911 est
434 2851 671 2929 Volckmarus2).
718 2853 874 2932 Significat
897 2861 1009 2915 autem:
1034 2853 1172 2913 clementi
1196 2853 1245 2912 vel
1270 2852 1398 2932 propitio
1413 2871 1487 2927 erga

370 2943 573 3002 Domitianum
595 2942 691 3005 vultu.

459 3032 569 3092 Totum
593 3032 685 3110 igitur
709 3031 805 3092 locum
828 3032 871 3092 sic
893 3033 953 3110 legi
978 3033 1079 3094 velim:
1139 3084 1142 3092 .

627 3156 782 3216 exhaustis
805 3158 932 3217 Martem
956 3178 1015 3217 non
1038 3158 1126 3217 altior
1148 3158 1237 3216 armis

554 3247 706 3306 Bistonius
729 3255 829 3327 portat
852 3248 972 3326 sonipes
996 3266 1166 3326 magnoque
1189 3246 1324 3326 superbit

478 3339 529 3397 20.
556 3335 687 3414 pondere
711 3334 874 3396 nectardo
899 3347 1002 3416 raptus
1026 3356 1117 3416 prope
1140 3336 1263 3395 flumina
1287 3357 1375 3396 cursu

553 3425 649 3484 fumat
671 3435 701 3484 et
724 3428 839 3504 ingenti
862 3426 1002 3507 propellit
1024 3426 1182 3501 Strymona
1205 3425 1288 3486 flatu.

477 3518 528 3576 25.
553 3513 675 3573 discitur
698 3536 715 3575 e
737 3515 825 3575 vultu
847 3527 991 3595 quantum
1015 3526 1048 3574 tu
1071 3516 1168 3574 mitior
1190 3517 1289 3590 armis,

555 3606 606 3683 qui
629 3624 685 3663 nec
708 3606 740 3662 in
763 3615 901 3665 externos
923 3605 1018 3664 facilis
1042 3605 1158 3665 saevire
1181 3605 1295 3664 furores

555 3694 607 3752 das
630 3693 726 3754 Cattis
750 3695 901 3773 Dacisque
924 3693 1020 3754 fldem.
1047 3704 1078 3754 te
1100 3697 1187 3772 signa
1210 3695 1325 3754 terente

480 3785 530 3844 28.
556 3793 587 3842 et
609 3785 704 3842 minor
726 3785 757 3841 in
782 3783 857 3860 legis
881 3786 936 3842 iret
960 3803 1054 3861 gener
1077 3796 1106 3842 et
1130 3783 1203 3844 Cato
1228 3796 1374 3844 constans.

480 3875 529 3933 22.
556 3892 611 3951 par
635 3877 718 3950 operi
742 3872 837 3933 sedes.
864 3873 932 3932 hinc
955 3873 1044 3931 obvia
1067 3874 1170 3932 limina
1192 3873 1298 3953 pandit

556 3963 607 4040 qui
630 3962 727 4021 fessus
751 3962 837 4022 hellis
861 3961 992 4022 adscitae
1016 3983 1138 4022 munere
1161 3963 1253 4042 prolis

555 4053 668 4131 primus
691 4052 747 4110 iter
770 4054 880 4112 nostris
904 4051 1034 4111 ostendit
1055 4055 1087 4111 in
1111 4051 1233 4111 aethera
1256 4043 1340 4116 diris.

462 4245 483 4346 ὲ)
503 4245 559 4297 Das
570 4244 716 4326 ¹holossale
734 4243 979 4327 Reiteretandb'ild'
991 4244 1146 4328 Domitiana
1166 4248 1218 4298 etc.
1256 4247 1332 4302 1837.

384 4315 1391 4462 contidatshadiduidldthrridilmnddadqddddiodlldmiiieecddddndddihrthidiildae
1409 4319 1486 4374 1861.
