3440 5096
819 469 1038 526 ..32-

369 643 416 704 111
441 646 496 705 82:
523 644 665 722 ‘Aenaria
687 643 751 724 ipsa
776 664 794 703 a
816 645 1087 706 stationenavium
1113 647 1244 722 Aeneae,
1269 648 1398 710 Homero
1422 650 1487 710 Ins·

368 734 441 792 rime
473 731 553 792 dicta
583 729 622 816 (Β
648 736 725 794 783:
749 733 794 794 elo
822 727 966 812 Ἀρίμοις,
998 725 1050 794 ὅθι
1082 738 1155 810 φασὶ
1190 738 1336 813 Τυφωέος
1362 733 1488 814 ἔμμεναι

369 817 483 900 εὐνάς),
509 821 669 882 Pithecusa
677 819 698 904 1)
722 841 781 882 non
799 824 979 885 asimiarum
1003 824 1201 902 multitudine,
1219 837 1253 886 ut
1276 830 1371 909 aliqui
1387 831 1487 901 existi·

368 913 522 990 mavore2)
550 911 600 972 sed
626 933 644 970 a
666 912 799 990 figulinis
822 911 985 974 doliorum’.
1026 914 1137 974 Poetae
1160 915 1261 974 Latini
1285 919 1377 979 ferme
1400 927 1488 980 utun·

372 1011 422 1060 tur
454 1003 572 1062 nomine
602 1001 758 1063 Inarimes:
783 1001 820 1066 cI.
845 1003 940 1067 Theb.
964 1003 996 1062 X
1021 1007 1093 1065 917.
1119 1005 1210 1084 Verg.
1234 1006 1311 1069 Aen.
1335 1008 1380 1068 lX
1415 1011 1486 1070 716.

368 1089 425 1154 Ov.
449 1101 518 1157 met.
543 1090 629 1173 XIV,
655 1091 706 1152 89.
731 1091 804 1152 Luc.
831 1091 868 1170 V,
896 1096 969 1156 101.
995 1093 1062 1156 Vel.
1086 1093 1184 1158 Plecc.
1208 1093 1353 1163 111-208.
1379 1096 1431 1159 Sil.
1451 1098 1486 1166 It,

368 1181 452 1262 VIII,
478 1184 550 1242 541.
575 1178 648 1252 XII,
679 1184 748 1264 148,
774 1193 829 1242 etc.

457 1270 550 1337 illino
572 1269 734 1354 Prochyta
757 1289 871 1350 aspera
889 1277 1004 1350 para·
1026 1272 1146 1354 mipime
1169 1274 1339 1332 necessaria
1362 1285 1406 1336 est
1431 1279 1487 1337 Do·

369 1360 443 1419 mitii
475 1360 646 1419 coniectura
681 1353 739 1444 ‘illi'
749 1409 753 1420 .
810 1360 1011 1420 Variationem
1043 1361 1120 1420 enim
1157 1359 1277 1420 adamat
1308 1363 1422 1424 Statius
1457 1371 1487 1426 in

321 1473 326 1482 ·
372 1448 655 1513 enumeretIonibus.
703 1447 852 1529 Prochyta
882 1459 928 1510 est
950 1449 1048 1508 insula
1074 1449 1152 1508 inter
1174 1449 1349 1511 Pithecusas
1380 1454 1487 1513 11Μί-

368 1557 472 1597 senum
500 1537 566 1618 sits,
596 1557 674 1617 quae
702 1557 781 1598 nunc
810 1537 905 1600 audit:
937 1535 1071 1599 Prooida.
1124 1539 1204 1599 Nata
1232 1559 1295 1600 esse
1324 1541 1487 1621 putabatur

367 1627 534 1708 provolutis
558 1646 594 1686 ex
617 1627 717 1686 insula
741 1629 873 1686 Aenaria
896 1627 946 1686 vel
975 1646 993 1686 a
1016 1629 1130 1688 Miseno
1153 1632 1358 1709 promunturIo
1381 1633 1485 1691 monti·

368 1717 432 1790 bus,
462 1715 541 1777 unde
564 1736 669 1777 nomen
695 1736 814 1797 quoque
838 1718 966 1778 traxisse
989 1717 1151 1779 fetabatur.
1177 1719 1214 1782 of.
1233 1717 1330 1780 Strab.
1354 1721 1485 1800 13,19‚

368 1827 397 1886 p.
424 1808 474 1869 60.
497 1806 541 1866 IV
568 1811 596 1883 1,
631 1809 660 1879 6,
690 1826 720 1886 p.
747 1810 818 1867 258.
843 1805 921 1870 Pur.
946 1807 975 1866 b.
1000 1828 1028 1868 n.
1053 1807 1085 1867 II
1109 1809 1182 1869 203.
1207 1809 1320 1870 11182.
1346 1809 1430 1872 Serv.
1448 1809 1485 1867 ad
1513 1845 1516 1856 ·

368 1896 459 1976 Verg.
478 1899 553 1958 Aen.
579 1895 634 1975 IX,
661 1900 734 1958 716.
762 1932 800 1941 -
826 1917 942 1980 aspera
962 1907 1088 1957 vocatur
1110 1916 1233 1977 prosper
1249 1897 1386 1977 scopulos
1401 1917 1487 1978 pree·

367 1986 480 2065 cipites.
504 1986 539 2050 of.
558 1984 649 2062 Verg.
668 1992 741 2050 Aen.
759 1986 804 2046 IX
823 1989 898 2048 715:
926 1999 996 2072 ‘tum
1010 1988 1110 2046 sonitu
1122 1987 1271 2066 Prochyta
1287 1987 1354 2054 alto
1368 1983 1486 2050 tremit.'

368 2076 404 2136 ci.
437 2073 492 2138 Ov.
525 2085 591 2138 met.
623 2075 697 2136 XIV
730 2078 781 2138 89.
820 2073 873 2140 Sil.
895 2075 933 2136 It.
959 2075 1033 2137 VIII
1058 2079 1132 2139 542.
1162 2082 1258 2155 paret
1291 2074 1373 2139 idem
1408 2076 1490 2135 valet

368 2163 463 2244 quod:
498 2166 642 2245 ‘apparet'
674 2165 752 2224 sicut
782 2183 808 2227 e.
832 2186 863 2243 g.
893 2163 983 2244 apud.
1007 2167 1093 2228 Mart.
1117 2165 1181 2225 XII
1213 2168 1264 2239 99,
1292 2168 1340 2226 18.
1372 2165 1409 2228 cf.
1435 2164 1487 2228 Sil.
1589 2223 1594 2232 ,

369 2253 433 2314 XII
459 2255 534 2315 147:
560 2253 877 2334 ‘apparetProohyta
903 2273 1027 2314 saevum
1050 2256 1154 2315 sortita
1179 2256 1333 2329 Mimanta,
1363 2264 1490 2335 apparet

367 2342 617 2423 procullnarime
641 2341 708 2405 etc.’
755 2343 880 2403 Frustra
903 2343 958 2404 hoc
973 2344 1099 2404 verbum
1124 2346 1156 2403 in
1181 2345 1381 2424 suspicionem
1403 2363 1489 2404 voca·

366 2433 411 2492 vit
438 2431 592 2508 Queckius
620 2435 672 2513 qui
702 2433 804 2513 ‘patet’
834 2433 1016 2493 substituere
1044 2433 1150 2510 voluit,
1181 2445 1215 2491 ut
1239 2433 1357 2506 assolet,
1386 2444 1490 2492 contra

367 2532 503 2585 metrum.
529 2523 565 2585 cf.
591 2522 697 2605 Imboi‚
724 2522 760 2583 de
784 2522 927 2582 silvarum
945 2521 1152 2582 Statianarum
1178 2521 1351 2581 condicione
1375 2522 1487 2580 critica.

367 2632 466 2692 progr.
492 2611 590 2671 Halae
616 2614 709 2674 1859.
733 2633 761 2691 p.
787 2617 839 2673 44.

381 2705 384 2714 '
459 2705 509 2763 77.
541 2702 681 2787 semiper
710 2701 770 2768 hoc
799 2703 910 2788 mopsi
937 2707 1026 2781 potet
1054 2701 1217 2768 Hectoris:
1252 2700 1487 2779 promunturium

368 2792 516 2851 Misenum
540 2789 621 2865 dicit,
646 2793 677 2849 in
694 2811 753 2870 quo
770 2791 913 2864 Misenus,
931 2790 1070 2852 Hectoris
1087 2789 1238 2871 quondam
1255 2790 1396 2866 armiger,
1421 2787 1490 2848 dein

369 2883 491 2940 Aeneae
518 2875 617 2940 socius
646 2881 781 2960 sepultus
810 2901 875 2941 esse
899 2881 1144 2961 perhibebatur(
1165 2881 1199 2940 cf.
1226 2878 1318 2956 Verg.
1344 2879 1421 2938 Aen.
1446 2877 1490 2936 VI

371 2973 433 3032 162
457 2990 502 3049 sq.
540 2969 592 3035 Sil.
618 2971 656 3030 It.
681 2970 742 3029 XII
770 2975 839 3032 155.
899 2969 990 3031 Haud
1018 2991 1085 3031 raro
1108 2970 1222 3031 Statius
1251 2969 1340 3028 huius
1368 2961 1491 3027 fabulae

369 3061 548 3119 mentionem
576 3059 660 3121 facit:
697 3060 735 3125 cf.
765 3059 812 3120 111
840 3065 866 3137 1,
895 3063 966 3125 150.
1004 3061 1048 3122 IV
1078 3064 1106 3144 7,
1135 3063 1184 3123 19.
1222 3059 1248 3119 V
1275 3061 1304 3129 3,
1332 3060 1403 3119 167.
1439 3076 1490 3132 pro

373 3145 447 3236 ‘hac’
475 3142 562 3232 ‘binc’
589 3147 786 3210 Marklandus
810 3152 963 3230 proposuit
987 3161 1105 3230 praeter·
1129 3149 1352 3227 necessitatem
1380 3147 1491 3227 optime

369 3240 446 3298 enim
473 3232 547 3323 ‘hac’
573 3238 730 3299 sehabet.

460 3328 825 3414 incensissimam
857 3329 997 3413 respirat
1023 3328 1135 3412 pelope
1163 3326 1358 3411 circumflua
1380 3325 1492 3392 Nesis:

369 3418 458 3478 Nesis
487 3418 586 3477 Insula
614 3418 750 3498 opposita
779 3428 824 3478 est
853 3418 1015 3498 Pausilypo
1040 3415 1155 3498 (hodie:
1184 3414 1296 3498 Nisita)
1327 3416 1363 3476 cf.
1389 3415 1436 3475 III
1463 3420 1490 3488 l,

357 3501 445 3570 ⁶148.
471 3508 619 3586 ‘silvaque
642 3527 720 3587 qnae
743 3508 834 3567 fixam
858 3507 967 3586 pelago
991 3503 1103 3565 Nesida
1131 3507 1273 3567 coronat’.
1321 3503 1408 3579 Quod
1433 3523 1491 3562 nra·

370 3597 486 3674 lignum
518 3616 589 3655 aera
621 3597 769 3676 respirare
798 3596 920 3658 dieitur:
946 3595 984 3658 cf.
1009 3594 1082 3658 Luc.
1106 3594 1159 3667 VI,
1178 3597 1218 3656 90
1243 3614 1288 3673 sq.
1314 3594 1377 3672 ¹tali
1399 3595 1491 3673 spira·

370 3687 450 3745 mine
481 3685 570 3745 Nesis
606 3687 714 3745 emittit
744 3686 883 3766 Stygium
919 3684 1073 3745 nebulosis
1107 3704 1178 3743 aera
1221 3685 1302 3744 saxis
1346 3693 1493 3762 antraque

370 3777 480 3836 letiferi
504 3775 617 3834 rabiem
641 3774 798 3856 Typhonis
821 3774 984 3837 anhelsut’.
1010 3775 1047 3835 cf.
1071 3773 1192 3834 beloch.
1222 3773 1240 3837 1.
1265 3772 1284 3833 1.
1309 3792 1337 3849 p.
1365 3775 1416 3834 87.
1440 3794 1492 3857 pe·
1536 3846 1539 3854 ¹

371 3866 440 3952 11190
468 3865 677 3943 circumflua:
713 3864 749 3924 cf.
775 3865 802 3924 V
832 3870 862 3938 2,
891 3865 970 3927 1871
1009 3863 1134 3944 ⁴ttrrdoso
1163 3862 1334 3923 circumflua
1363 3863 1492 3938 coniuge

370 3948 488 4018 Peuce’.

371 4083 583 4105 ——fl---.„

463 4201 484 4270 ¹)
503 4215 539 4255 an
558 4199 598 4256 sio
611 4200 809 4270 distinguenda
829 4205 895 4255 sunt
907 4197 1006 4255 rerba:
1022 4197 1150 4270 ‘Homero
1164 4195 1292 4263 lnarlme,
1312 4197 1386 4252 dieta
1400 4194 1492 4249 Pithe-

371 4288 436 4327 cusa
450 4271 511 4328 etc.’
525 4288 559 4328 ne
573 4271 750 4328 Pithecusam
769 4271 802 4326 ab
822 4271 943 4327 Aenaria
962 4286 1091 4340 separare
1104 4267 1235 4325 videatur
1248 4268 1362 4323 PlinIus.
1396 4266 1493 4332 Quam-

371 4360 451 4412 quam
472 4344 505 4400 ei.
525 4342 576 4400 Ov.
595 4350 660 4400 met.
681 4344 745 4398 XIV
765 4345 807 4398 90.
845 4342 918 4398 Mela
937 4343 965 4397 lI
984 4344 1062 4411 7,18.

461 4415 483 4486 ⁹)
503 4415 536 4471 ci.
557 4415 647 4472 Strab.
667 4415 739 4469 XIII
758 4418 819 4484 4,1.
839 4432 865 4484 p.
885 4417 945 4469 626.
