3440 5096
760 432 1023 492 .-ro-
1121 455 1160 506 ·.

359 613 411 693 qui
434 609 513 672 idem
536 611 644 693 probat
667 619 735 672 met.
764 610 938 673 v111337=
959 609 1097 696 porrulo
1120 610 1230 678 limoso
1247 570 1413 696 prospexit
1435 611 1473 678 ab

356 702 435 770 elice
456 704 581 786 perdix.
641 699 795 762 Perdicem
820 702 897 761 enim
921 699 1049 760 Daedali
1072 702 1180 760 sororis
1202 700 1296 761 filium
1318 699 1432 760 invidie
1455 721 1474 759 a
1553 745 1556 750 .

355 789 493 852 Daedalo
518 791 556 852 dc
576 810 645 851 erce
659 791 847 851 Athenarum
863 789 1011 850 deiectum
1034 799 1065 849 et
1088 809 1107 848 a
1121 790 1258 849 Minerva
1284 810 1372 875 ‘quse
1392 789 1474 852 lavet

358 876 496 960 iugeniia'
522 890 678 961 exceptum
702 882 733 940 in
757 901 842 940 avem
866 889 1012 940 mutatum
1036 898 1101 939 esse
1123 888 1236 945 narret.

445 1006 648 1067 Baehrensius
679 1004 758 1086 quod
788 1006 819 1065 II
853 1011 881 1079 l,
898 1008 936 1066 78
973 1026 991 1064 a
1026 1005 1151 1082 vulgata
1186 1005 1314 1065 lectione
1342 1006 1473 1084 recessit,

356 1095 438 1156 haud
469 1095 549 1155 felici
578 1096 714 1155 Minerva
743 1095 851 1154 fecisse
881 1093 1009 1156 videtur.
1055 1094 1139 1154 Haeo
1166 1103 1265 1154 autem
1293 1093 1356 1155 fere
1385 1104 1474 1174 posta
1520 1133 1522 1136 -

358 1185 442 1247 dicit:
471 1206 489 1243 a
517 1185 641 1244 Meliore
669 1183 724 1244 tibi
754 1183 896 1257 Glaucia,
929 1182 1048 1257 domus,
1080 1183 1149 1243 hinc
1172 1192 1269 1264 ortus,
1303 1183 1475 1265 dominique

359 1274 520 1355 penatibus
543 1274 612 1333 olim

487 1435 573 1476 carus
596 1423 725 1496 uterquc
749 1436 859 1496 percus
882 1425 974 1496 atque
996 1417 1028 1476 in
1052 1425 1105 1476 tuc
1127 1413 1240 1493 gaudia
1262 1415 1339 1476 liber

487 1525 526 1563 ne
548 1523 711 1584 quererere
733 1525 829 1583 genus
852 1515 969 1580 raptum
994 1504 1046 1566 scd
1069 1506 1205 1584 protinus
1229 1506 1297 1563 alvo

487 1594 606 1654 sustulit
631 1630 669 1638 —
695 1592 841 1655 domiuus.

359 1738 408 1798 Sic
439 1736 470 1795 hi
502 1756 605 1797 versus
637 1745 756 1797 exstant
786 1737 817 1797 in
847 1736 940 1801 libris.
993 1739 1095 1818 Atque
1125 1746 1264 1817 petentes
1291 1741 1378 1817 pueri
1407 1747 1476 1798 autc

360 1828 458 1906 ipsum
482 1836 602 1906 partum
625 1829 820 1887 manumissos
844 1847 970 1888 essene
993 1847 1069 1908 puer
1092 1845 1197 1887 servus
1221 1836 1393 1886 nasceretur
1409 1829 1476 1907 quie

360 1937 421 1976 non
446 1914 550 1976 videt?
605 1916 679 1977 Inde
714 1925 814 1977 autem
843 1918 977 1998 sequitur
1006 1926 1041 1976 ut
1068 1937 1225 1997 perperam
1257 1917 1477 1996 interpuuxerit

360 2007 495 2083 graviter
518 2006 718 2066 Baehrensins
742 2008 773 2066 in
796 2007 855 2066 fine
878 2028 907 2066 v.
935 2007 988 2070 77:
1013 2018 1081 2086 post
1107 2026 1211 2065 vocem
1237 2000 1354 2090 ‘pecus'
1380 2025 1409 2068 v.
1438 2009 1476 2066 78

361 2104 506 2175 punctum
529 2095 700 2172 ponendum
724 2103 777 2155 est.
824 2098 926 2176 Atque
947 2096 1024 2156 falsa
1047 2115 1103 2155 sua
1126 2094 1316 2162 distinctione
1332 2093 1478 2154 adductus

363 2203 441 2264 quae
468 2204 542 2244 sana
570 2183 608 2244 ab
637 2187 716 2245 omni
739 2193 825 2265 parte
848 2194 934 2262 sunt,
963 2187 994 2244 in
1016 2184 1234 2244 'dubitationem
1257 2185 1387 2244 vocavit.
1434 2183 1480 2243 De
1544 2220 1547 2228 -

362 2276 528 2354 postposite
556 2275 704 2353 particula
730 2268 799 2360 ‘sed'
825 2274 899 2334 nihil
927 2285 973 2334 cst
1001 2273 1081 2354 quod
1109 2275 1229 2352 longius
1253 2271 1405 2340 disseram.
1441 2274 1477 2336 cf.

363 2361 475 2424 Grosse
496 2362 516 2424 l.
541 2361 560 2423 l.
585 2383 614 2441 p.
637 2363 689 2425 44.

452 2469 644 2530 Defensorem
669 2468 819 2530 desiderat
841 2470 954 2530 Statius
979 2473 1067 2532 etiam
1091 2471 1153 2542 16,
1168 2473 1219 2533 27.
1237 2469 1480 2531 Wechsmutbius

364 2558 397 2643 (l.
427 2559 447 2620 l.
481 2579 510 2638 p.
543 2562 594 2621 24.
628 2557 696 2621 edn.
732 2555 764 2643 1)
789 2561 878 2635 enim,
910 2562 963 2640 qui
996 2559 1033 2620 de
1060 2559 1178 2640 'reliquo
1210 2562 1339 2620 carmine
1371 2561 1482 2640 optime

363 2649 485 2721 meruit,
517 2648 574 2708 hoc
604 2647 668 2708 loco
699 2648 771 2707 mibi
802 2649 919 2709 videtur
951 2650 1108 2730 paululum
1139 2651 1285 2710 erravisse
1316 2670 1382 2709 cum
1409 2643 1477 2735 ‘hio‘

363 2737 552 2798 scribendum
584 2747 717 2798 censeret
748 2758 800 2815 pro
834 2735 897 2824 (hi.
952 2740 1031 2800 Dicit
1061 2747 1162 2799 eutem
1189 2748 1279 2818 poeta
1307 2739 1369 2798 fere
1392 2738 1480 2802 haec:

364 2827 484 2907 pluvias
507 2828 637 2887 minetur
652 2829 766 2908 Iupiter
773 2847 781 2906 ;
806 2848 857 2888 cas
880 2849 939 2889 non
963 2829 1132 2888 timebimus
1153 2827 1311 2888 dummodo
1328 2828 1358 2887 bi
1374 2828 1482 2888 imbres

364 2918 457 2975 nostri
481 2917 562 2975 Iovis
591 2915 628 2976 de
657 2917 739 2977 caelo
770 2917 958 2982 delabantur.
1004 2918 1130 2978 sivero
1157 2914 1222 3003 tbic’
1247 2917 1384 2996 legimus,
1409 2918 1483 2978 baec

366 3006 483 3065 exsistit
507 3008 670 3069 sententie:
694 3008 748 3065 toti
771 3008 836 3066 orbi
860 3007 933 3068 deus
955 3010 1084 3068 minetur
1107 3008 1236 3088 pluvias,
1261 3005 1419 3067 dnmmodo
1435 3007 1483 3066 hic

363 3095 392 3155 h.
425 3115 450 3157 c.
486 3096 599 3155 Romte
634 3097 665 3154 in
699 3095 918 3172 amphitheatro
954 3098 1045 3157 nostri
1076 3097 1156 3156 Iovis
1190 3096 1300 3157 imbres
1337 3097 1481 3158 ferantur.

365 3185 431 3244 Hac
462 3194 561 3245 eutem
594 3185 721 3244 lectione
757 3185 886 3265 probata
914 3189 939 3246 si
966 3198 1046 3246 recte
1081 3188 1174 3246 sentio
1203 3187 1392 3246 manifestum
1423 3206 1483 3245 non

367 3282 419 3353 est,
450 3293 503 3332 cur
525 3274 641 3353 Iupiter
669 3275 797 3334 minetur
826 3276 1029 3335 tantummodo
1052 3275 1175 3347 imbres,
1207 3296 1266 3335 uon
1290 3275 1425 3335 demittat
1453 3276 1484 3333 in

365 3373 462 3422 cetero
490 3363 570 3426 orbe.
619 3362 706 3438 Quod
734 3365 759 3423 si
787 3363 926 3424 traditam
957 3367 1111 3424 lectionem
1136 3367 1297 3425 retinemus
1320 3367 1352 3424 in
1375 3385 1483 3446 propc-

363 3452 426 3511 tulo
451 3462 502 3513 est.

454 3561 490 3619 In
518 3560 577 3619 line
604 3580 633 3620 v.
663 3561 704 3620 62
737 3559 869 3621 eiusdem
901 3562 1038 3621 carminis
1068 3563 1255 3622 temerariam
1284 3561 1485 3623 Cornelisseni

368 3648 399 3726 (l.
423 3649 442 3709 l.
468 3671 497 3729 p.
524 3650 601 3729 281)
634 3650 832 3709 coniecturum
864 3652 997 3711 refutare
1027 3652 1058 3710 in
1086 3653 1184 3711 animo
1213 3661 1266 3714 est.
1312 3651 1390 3711 Nam
1418 3673 1484 3712 cum

366 3736 441 3796 clibi
456 3737 605 3797 Virtutem
630 3748 784 3797 cruentam
801 3739 859 3799 dici
879 3753 1015 3823 negaret,
1040 3743 1195 3821 proposuit
1213 3748 1357 3823 ‘euecta
1378 3736 1482 3827 Virpo’

366 3825 455 3887 Iubet
470 3837 570 3886 autem
584 3828 738 3886 Bellonam
755 3829 899 3908 intellegi.
932 3831 977 3890 Ac
992 3831 1119 3910 primum
1133 3829 1252 3911 quidem
1267 3849 1319 3888 cur
1332 3831 1486 3910 epitheton

366 3916 479 3976 Virtuti
495 3937 554 3976 non
572 3919 610 3977 sit
626 3928 728 3996 aptum
745 3938 804 3977 non
816 3919 914 3978 video.
948 3919 1064 3979 Deinde
1077 3919 1201 3980 Bellona
1220 3926 1362 4004 ‘eruenta
1380 3914 1482 4006 Virpo'

366 4005 512 4086 appellari
536 4007 618 4066 nullo
642 4005 729 4067 modo
745 4017 858 4088 potest3
883 4028 1036 4088 nunquam
1062 4011 1137 4068 enirn
1156 4010 1274 4088 proprie
1289 4008 1384 4085 Virgo
1400 4010 1485 4068 audit

369 4095 493 4155 Bellona
517 4094 597 4174 epud
620 4105 726 4176 poetas
749 4098 908 4159 Romanos.
933 4100 971 4162 cf.
996 4099 1032 4160 R.
1050 4100 1157 4175 Berge,
1182 4097 1218 4156 de
1244 4098 1314 4159 belli
1338 4098 1485 4158 daemoni·

367 4184 424 4246 bus
449 4185 555 4264 quiin
581 4187 762 4247 carminibus
786 4185 968 4248 Graecorum
1000 4197 1029 4247 et
1060 4189 1262 4249 Romanorum
1291 4189 1486 4248 inveniuntur

368 4272 438 4337 diss.
470 4274 591 4355 Lipsiae
625 4279 718 4340 1895.
746 4296 774 4356 p.
808 4279 845 4336 19
876 4298 921 4356 sq.
950 4276 1043 4356 Virgo
1071 4285 1171 4336 autem
1199 4287 1277 4337 esset
1303 4279 1366 4337 sine
1394 4274 1485 4336 dubio

370 4365 504 4425 Minerva
528 4364 565 4427 cf.
590 4383 616 4425 e.
640 4385 671 4444 g.
696 4365 752 4429 Ov.
777 4377 847 4429 met.
872 4366 915 4428 IV
942 4367 1017 4434 754.
1037 4365 1104 4428 Val.
1128 4365 1227 4431 Flacc.
1253 4366 1299 4428 ΙΙΙ
1324 4371 1375 4428 88.
1422 4366 1486 4429 Vir·
