3440 5096
712 487 934 544 ...63-

261 663 356 742 igitur
379 659 523 736 cecidere,
546 662 580 723 iu
602 662 703 723 verbis
727 659 844 722 traditis
868 662 975 722 vitium
998 662 1096 722 inesse
1119 669 1255 743 apparet.
1296 661 1381 738 Quas

261 773 328 812 cum
352 754 394 811 ita
416 753 484 833 sint,
518 753 692 813 lacunosum
724 771 788 812 esse
818 752 897 812 hunc
927 752 1025 812 locum
1055 751 1143 812 facile
1174 753 1279 831 opinor
1309 752 1382 811 mihi

262 841 447 905 concedems.
494 843 560 902 Hoc
583 851 682 902 autem
705 850 804 922 potest
827 840 957 902 dubitari
981 839 1054 922 quid
1076 841 1135 901 illis
1158 841 1294 901 versibus
1317 845 1379 903 207

261 941 292 992 et
316 935 378 993 208
395 932 456 996 fiat.
489 931 575 992 Duae
589 941 735 1013 quantum
760 951 817 1010 ego
832 931 919 992 video
943 940 1013 994 sunt
1027 933 1096 990 viae
1113 931 1222 1011 quibus
1240 930 1380 1010 progredi

260 1022 339 1082 licet.
372 1023 434 1082 Aut
458 1021 650 1082 statuendum
674 1030 720 1081 est
743 1020 789 1081 bis
812 1021 949 1081 versibus
973 1041 992 1078 a
1014 1029 1105 1102 poeta
1127 1022 1159 1079 iu
1181 1022 1319 1097 margine
1334 1022 1381 1080 sui

262 1101 625 1192 exemplaris'adscriptie
649 1111 798 1188 genuinos
822 1111 962 1191 expulsos
987 1130 1117 1171 esse-
1145 1108 1176 1168 id
1204 1108 1297 1189 quodr
1312 1111 1382 1170 arti-

260 1201 391 1261 ficiosius
420 1208 496 1262 esset
519 1220 609 1281 quam
637 1210 671 1260 ut
699 1199 778 1260 credi
808 1209 911 1279 posset
939 1234 982 1245 -
1009 1211 1063 1259 aut
1090 1220 1157 1259 curn
1184 1199 1382 1279 sequentibus

261 1290 465 1367 coniungendi
488 1301 559 1350 suut
581 1310 685 1350 versus
709 1291 762 1352 illi.
811 1289 870 1348 Sed
892 1309 940 1349 res
963 1291 994 1348 in
1018 1289 1133 1348 lubrico
1162 1297 1300 1350 versatur
1326 1309 1382 1350 nec

261 1380 335 1440 certi
359 1381 519 1461 quicquam
544 1382 638 1440 ausim
662 1379 803 1460 profiteri.
836 1378 889 1438 Sin
905 1389 1005 1438 autern
1029 1388 1088 1438 stat
1105 1380 1199 1438 altera
1222 1381 1380 1454 sententia,

262 1471 397 1551 sequitur
420 1490 460 1529 ex
482 1469 537 1529 boc
561 1469 635 1550 loco,
660 1479 694 1532 ut
709 1469 823 1530 Statius
840 1467 965 1529 eandem
989 1489 1024 1528 ac
1036 1477 1123 1549 pater
1139 1470 1289 1530 materiam
1306 1478 1381 1528 trac·

237 1560 371 1619 ‘laverit
393 1558 442 1620 vel
465 1579 613 1639 poemaa
643 1569 729 1640 patre
760 1562 923 1638 cogitatum
953 1578 1053 1638 neque
1084 1568 1185 1618 tamen
1216 1559 1380 1639 perfectum

260 1668 367 1709 revera
390 1651 558 1729 pepigerit,¹
574 1669 634 1729 quo
658 1649 715 1709 sibi
746 1648 862 1710 aditum
890 1647 1108 1728 quodammodo
1140 1647 1178 1707 ad
1206 1649 1382 1708 Heliconem

261 1739 389 1819 aperuit.
430 1739 620 1819 Quamquam
643 1759 682 1799 ne
704 1739 761 1798 hoc
784 1737 905 1818 quidem
928 1739 1099 1799 verisimile.
1139 1738 1266 1798 Meliora
1289 1740 1382 1817 igitur

262 1829 339 1888 alius
363 1830 523 1906 excogitet,
547 1829 686 1888 lubenter
710 1826 829 1887 audiam
853 1838 945 1908 atque
968 1829 1122 1906 accipiam.
1219 1853 1222 1858 >

353 1915 412 1978 Sed
435 1918 592 1999 paululum
616 1917 810 1977 subsistemus
833 1919 864 1976 iu
888 1916 1022 1997 epicedio
1043 1918 1146 1996 patris.
1193 1917 1382 1976 Invstcratus

263 2009 341 2067 enim
365 2027 447 2066 error
476 2005 674 2088 expellendus
698 1999 753 2081 eet
777 2027 865 2087 quem
888 2007 1059 2086 nuperrime
1082 2006 1175 2065 Italus
1199 2005 1251 2066 ille
1274 2005 1381 2066 Curcio

262 2095 297 2179 (l.
321 2097 393 2178 lp.
423 2093 456 2180 7)
487 2099 607 2178 repetiit
634 2117 734 2177 neque
761 2097 875 2156 obstitit
905 2097 1089 2179 Franciscue
1117 2095 1248 2156 Skutsch
1256 2092 1292 2179 1),
1330 2099 1381 2174 qui

261 2188 293 2245 in
317 2205 444 2246 censura
467 2188 530 2246 eius
553 2186 626 2247 libri
649 2185 780 2246 eiusdem
804 2184 842 2246 de
863 2208 892 2248 v.
920 2190 982 2247 178
1007 2205 1050 2265 sq.
1075 2194 1106 2245 et
1130 2187 1192 2245 225
1217 2205 1261 2264 sq.
1286 2185 1382 2245 hario-

262 2275 389 2336 lationes
417 2285 500 2336 recte
529 2278 698 2354 castigavit.
731 2278 759 2336 A
775 2296 846 2336 vero
870 2283 970 2335 autern
994 2276 1142 2334 Domitius
1166 2275 1261 2334 multo
1284 2277 1382 2335 minus

263 2367 367 2424 aberat
397 2386 488 2446 quarn
519 2365 690 2426 Gronovius
722 2361 824 2449 (diatr.
855 2367 879 2426 Ι.
912 2387 943 2446 p,
976 2366 1053 2445 559)
1086 2365 1138 2445 qui
1170 2373 1273 2424 auctor
1302 2365 1401 2424 illius,

263 2457 371 2515 erroris
395 2457 518 2521 exstitit.
554 2457 628 2516 Dico
653 2457 790 2516 nimirum
814 2476 843 2519 v.
870 2460 929 2516 141
948 2476 992 2536 sq.
1017 2456 1137 2514 Patrem
1153 2454 1281 2534 Neapoli
1304 2450 1383 2514 ludis

263 2546 480 2623 Augustalibus
505 2547 683 2627 compluries
705 2547 812 2606 vicisse
834 2555 925 2625 poeta
947 2543 1101 2626 praedicat
1123 2565 1153 2606 v.
1181 2546 1256 2606 139:

614 2691 674 2731 non
697 2671 805 2730 totiens
829 2672 970 2730 victorem
987 2669 1111 2730 Castora
1133 2689 1208 2749 gyro

379 2781 435 2820 nec
457 2761 579 2821 fratrem
603 2763 704 2821 cae'stu
726 2758 836 2820 virides
858 2761 997 2839 plausere
1020 2760 1207 2839 Therapnae.

262 2884 380 2945 Deinde
403 2889 517 2966 pergit:
561 2927 563 2932 ·

281 3013 352 3077 141.
378 3013 416 3071 sit
438 3031 565 3091 pronum
589 3011 696 3071 vicisse
720 3010 813 3071 domi:
838 3009 911 3091 quid
934 3010 1060 3070 Achaea
1082 3013 1189 3071 mereri

378 3103 511 3180 praemia
534 3121 614 3161 nunc
636 3102 725 3161 ramis
748 3100 863 3161 Phoebi
886 3121 966 3160 nunc
989 3101 1126 3178 gramine
1150 3102 1266 3161 Lernae

378 3211 458 3250 nunc
481 3191 681 3252 Athamantea
703 3200 869 3272 protectum
892 3200 1027 3271 tempora
1050 3192 1124 3272 pinu

378 3300 445 3341 cum
468 3283 576 3342 totiens
600 3283 709 3342 lassata
732 3291 832 3342 tamen
853 3299 1001 3361 nusquam
1025 3282 1094 3340 avia
1117 3279 1237 3341 frondes

281 3373 353 3431 145.
377 3370 502 3432 abstulit
524 3381 577 3431 aut
600 3373 691 3433 alium
715 3373 815 3448 tetigit
839 3371 972 3432 Victoria
996 3373 1115 3432 crinem.

262 3496 306 3555 sic
335 3495 419 3556 locus
450 3509 550 3556 exstat
579 3497 726 3560 inlibris.
773 3496 846 3557 Dum
875 3497 967 3575 vulgo
995 3497 1238 3573 interrogationis
1260 3497 1379 3572 signum

262 3595 392 3664 ponatur
421 3596 490 3666 post
521 3608 548 3649 v.
582 3590 643 3648 143
676 3598 705 3646 et
738 3584 829 3672 ‘quin'
863 3586 1011 3647 scribatur
1041 3607 1069 3648 v.
1103 3589 1165 3646 144
1196 3606 1233 3645 ex
1264 3585 1381 3644 Heinsii

263 3675 450 3750 coniectura,
483 3677 541 3735 viri
572 3674 651 3736 docti
681 3675 859 3757 plerumque
890 3697 928 3737 ex
955 3675 1099 3736 hocloco
1124 3675 1269 3753 colligunt
1292 3675 1380 3734 Statii

262 3775 378 3844 patrem
402 3765 518 3844 Pythiis
542 3765 701 3826 Nemeaeis
725 3766 855 3826 Isthmiis
879 3767 992 3828 vicisse.
1027 3766 1085 3824 Pro
1109 3765 1266 3845 anpiterl
1291 3764 1381 3842 quale

262 3855 438 3914 miraculum
455 3855 544 3916 Velia
559 3867 655 3916 ortum
671 3857 748 3915 erat!
785 3857 901 3914 Tamen
923 3855 975 3914 ubi
991 3856 1158 3915 accuratius
1174 3862 1267 3914 totum
1284 3854 1381 3912 locum

262 3945 453 4024 contemplati
475 3947 595 4025 erimus,
620 3939 831 4024 cognoscemus
847 3946 1033 4025 aliquantum
1048 3942 1145 4004 laudis
1161 3944 1239 4003 bono
1254 3942 1381 4023 Papinio

264 4053 327 4092 esse
351 4033 537 4096 demendum.
573 4035 695 4096 Graecis
712 4038 790 4095 enim
814 4034 1024 4094 certaminibus
1047 4044 1093 4093 ter
1116 4054 1184 4093 eum
1204 4034 1312 4092 vicisse
1326 4051 1382 4111 per

201 4181 205 4193 ,
263 4142 296 4181 se
319 4123 372 4182 vix
394 4123 550 4202 probabile
573 4135 618 4185 est
641 4145 741 4206 neque
764 4126 858 4203 magis
882 4125 914 4183 fit
937 4125 1001 4183 veri
1025 4123 1121 4183 simile
1144 4143 1178 4182 eo
1202 4120 1283 4202 quod
1298 4121 1380 4180 Koe-

262 4213 369 4272 stinius
401 4213 436 4296 (l.
468 4214 488 4277 l.
512 4237 543 4295 p.
569 4215 645 4294 506)
676 4215 770 4276 filium
794 4235 860 4274 cnm
883 4226 969 4294 patre
985 4212 1118 4274 Corinthi
1142 4231 1205 4273 esse
1229 4221 1380 4272 versatum

354 4443 376 4518 ¹)
393 4442 466 4498 Berl.
484 4441 580 4512 philol.
599 4443 694 4500 Wocln
717 4445 787 4499 1894
803 4460 830 4515 p.
848 4444 909 4502 841.
