3440 5096
795 454 1013 516 ..53-

346 633 501 696 videamus
524 634 671 716 quomodo
703 655 750 696 res
780 654 813 695 ee
841 634 968 712 habeut,
1001 637 1026 696 si
1052 631 1173 720 ‘limine’
1197 633 1363 700 scribimus.
1410 634 1463 696 At-

347 726 460 806 quein
485 725 730 787 antecedentibus
761 744 822 784 non
854 723 891 783 de
921 724 1085 804 perietibus
1116 745 1262 787 mormore
1292 726 1464 787 incruslstis

346 813 441 875 verbe
465 815 534 876 fecit
558 825 661 895 poste,
693 813 746 876 sed
776 815 808 873 in
831 815 1003 874 universum
1034 813 1072 874 de
1100 835 1278 876 marmorum
1302 815 1464 894 generibus

347 924 426 985 quae
456 906 486 964 in
518 903 691 964 exornando
723 903 860 964 balneolo
891 913 1035 984 usurpsts
1065 913 1144 966 sunt.
1197 906 1305 985 Itsque
1337 926 1396 966 non
1421 915 1465 966 cet

347 1014 400 1054 cur
415 1003 568 1074 repetetur
584 1013 622 1054 ex
638 995 736 1073 priore
752 994 899 1053 sententis
915 1014 984 1074 pers
1000 995 1212 1055 minutissime:
1230 1015 1338 1075 nempe
1353 995 1464 1061 limine.

347 1083 459 1144 Ssltem
484 1083 589 1143 debuit
613 1083 683 1144 dici:
710 1102 764 1143 nec
787 1083 890 1142 limine
914 1094 1040 1158 cessant,
1065 1083 1093 1146 b.
1110 1103 1136 1143 e.
1155 1104 1193 1142 ne
1216 1085 1320 1144 limine
1344 1084 1464 1166 quidem

348 1181 475 1234 cessant.
523 1173 609 1248 Quae
632 1193 698 1232 cum
722 1173 765 1231 ite
789 1174 861 1245 sint,
895 1193 952 1252 ego
977 1194 995 1232 u
1018 1172 1162 1234 Gronovii
1185 1173 1320 1252 partibus
1343 1184 1388 1234 sto
1413 1177 1465 1255 qui

348 1263 379 1322 in
410 1262 615 1322 antidietribes
647 1262 771 1323 elencho
803 1260 903 1345 (distr.
936 1263 968 1323 II
991 1286 1020 1344 p.
1048 1260 1123 1346 151)
1156 1263 1266 1322 reiecto
1298 1262 1403 1324 Crucei
1433 1266 1466 1323 in

349 1351 540 1412 cutidiutribe
572 1348 626 1433 (ib.
655 1373 683 1432 p.
709 1351 763 1432 23)
788 1352 983 1413 hariolatione
1013 1353 1055 1412 sic
1082 1353 1163 1412 hunc
1193 1351 1290 1411 locum
1321 1354 1463 1433 explicet:

346 1442 461 1501 luminu
490 1442 684 1521 pretiosorum
716 1461 894 1501 marmorum
927 1452 1123 1521 praetextum
1150 1462 1209 1500 non
1241 1450 1352 1503 curent.
1407 1443 1463 1502 Re·

346 1532 475 1590 tinemue
507 1531 599 1607 igitur
629 1526 771 1612 (luminii.
818 1529 948 1590 Lumine
975 1539 1074 1590 sutem
1106 1531 1253 1590 fenestrss
1284 1549 1347 1590 esee
1377 1550 1463 1590 nemo

347 1639 438 1679 senus
461 1620 571 1679 infitias
594 1619 659 1702 ibit,
684 1620 721 1683 cf.
745 1639 771 1682 e.
789 1641 818 1694 g.
843 1618 904 1681 Cic.
930 1618 967 1678 de
989 1639 1030 1680 or.
1056 1620 1070 1678 Ι
1092 1621 1166 1681 179:
1193 1639 1269 1703 tuem
1286 1639 1352 1679 cum
1376 1619 1464 1680 sedes

346 1709 381 1769 L.
399 1707 486 1768 Fufio
510 1707 661 1787 venderet,
686 1711 717 1768 in
740 1709 888 1788 mancipio
911 1709 1039 1783 lumine,
1064 1709 1107 1767 uti
1131 1718 1193 1768 tum
1218 1717 1327 1782 essent,
1352 1709 1394 1768 its
1416 1729 1463 1768 re·

347 1797 427 1879 cepit
450 1795 513 1864 etc‘
562 1798 673 1860 Versus
697 1803 829 1860 42-44
857 1798 933 1860 bene
964 1796 1129 1880 procedunt
1159 1805 1280 1878 recepte
1303 1798 1464 1858 Koestlinii

348 1889 526 1962 coniectura,
553 1887 589 1950 de
613 1909 672 1969 qus
696 1908 786 1969 supra
810 1888 902 1948 verbe
925 1888 990 1952 ieci.
1035 1887 1191 1968 Sequitur:
1254 1916 1258 1924 ·

677 2001 789 2075 multus
811 2014 925 2094 ubique
949 2013 1011 2075 dise
1035 2022 1091 2074 etc.

434 2135 495 2200 Sed
524 2140 580 2200 hoc
608 2141 793 2200 enuntiatum
821 2141 951 2200 immone
983 2148 1127 2220 quantum
1157 2139 1292 2217 languet.
1338 2137 1416 2198 Nem
1440 2139 1466 2197 si

346 2229 456 2289 multus
480 2227 543 2288 dics
566 2238 637 2289 tunc
661 2228 778 2290 demum
803 2239 863 2302 est,
894 2229 948 2290 ubi
976 2228 1066 2289 radiis
1090 2229 1219 2289 culmine
1242 2229 1313 2288 totis
1335 2229 1466 2306 perforet

347 2319 401 2392 eol,
427 2319 574 2398 quomodo
598 2321 656 2378 ism
682 2329 771 2379 entes
791 2319 938 2396 effulgent
954 2338 1098 2390 cometae,
1123 2317 1272 2399 quomodo
1293 2318 1416 2397 lastigie
1433 2319 1464 2377 in

347 2409 462 2488 species
486 2407 603 2468 nitent?
649 2409 741 2468 Immo
765 2409 821 2469 hoo
844 2409 907 2468 fieri
931 2429 989 2468 non
1014 2429 1099 2489 posse
1120 2410 1177 2468 nisi
1198 2408 1242 2469 sol
1259 2429 1346 2468 suum
1361 2408 1463 2468 lumen

348 2497 485 2578 demittit,
512 2496 598 2558 docet
620 2499 703 2560 locus
726 2508 826 2560 nostro
851 2498 1017 2572 similimus,
1042 2497 1106 2558 dico
1130 2498 1192 2572 13,
1208 2499 1248 2559 52
1262 2518 1306 2578 sq.

474 2622 543 2683 dum
567 2644 664 2701 vagor
687 2623 833 2704 adspectu
855 2625 999 2703 visusque
1023 2643 1077 2703 per
1099 2624 1197 2684 omnis
1221 2622 1307 2693 duco,

475 2713 627 2773 cslcsbsm
651 2715 816 2793 necopinus
840 2733 919 2793 opes.
942 2733 1011 2773 nem
1034 2711 1174 2792 splendor
1197 2713 1235 2772 sb
1259 2712 1319 2772 slto

476 2801 592 2863 defluus
617 2811 646 2862 et
670 2801 797 2863 nitidum
821 2804 983 2863 referentes
1006 2822 1077 2863 sere
1100 2811 1194 2862 testeo

474 2901 679 2952 monstravere
687 2889 710 2970 1)
735 2892 844 2968 solum,
869 2893 968 2952 varies
990 2893 1044 2952 nbi
1068 2893 1147 2973 picto
1170 2912 1223 2968 per
1246 2903 1325 2952 artes

476 2980 590 3060 gaudet
614 2982 722 3042 humus
745 2989 935 3067 superatque
958 2984 1050 3050 eoois
1073 2988 1203 3049 osoroto
1226 2981 1352 3067 piperis.

349 3107 485 3167 conferes
509 3109 599 3168 etiem
615 3107 747 3168 Senecae
769 3108 866 3167 locum
883 3128 971 3187 quem
989 3128 1078 3183 supre
1093 3105 1217 3167 laudavi
1235 3105 1333 3190 (epist.
1352 3110 1403 3181 86,
1416 3103 1464 3188 8):

230 3204 233 3212 ’
347 3198 488 3256 leventur
516 3198 604 3258 simul
636 3205 666 3256 et
689 3198 884 3264 colorantur.
932 3195 1054 3258 Praeter
1085 3198 1207 3274 figures,
1234 3216 1311 3277 quoe
1343 3196 1470 3256 suntin

348 3307 439 3367 opere
461 3287 577 3347 musivo
600 3288 631 3346 in
655 3286 727 3346 ville
748 3287 910 3347 Tiburtina
926 3285 1051 3367 Vopisci
1073 3286 1127 3345 ubi
1147 3286 1216 3346 solis
1239 3285 1340 3345 lumen
1363 3287 1464 3359 intret,

346 3397 443 3436 novoe
465 3377 582 3455 ligures
605 3377 753 3437 exsistunt
777 3397 811 3437 eo
837 3375 917 3457 quod
945 3377 1033 3437 vitrei
1064 3376 1178 3453 fastigii
1208 3375 1325 3454 figurae
1356 3374 1467 3434 cedunt

346 3467 377 3525 in
401 3466 506 3529 solum.
553 3467 656 3546 Atque
678 3467 803 3526 similem
827 3467 1005 3526 sententiam
1028 3476 1127 3526 nostro
1152 3485 1273 3546 quoque
1304 3464 1368 3524 loco
1396 3463 1466 3523 sub·

348 3574 411 3614 esee
435 3564 556 3636 propter
578 3554 801 3616 similitudinem
825 3557 858 3614 fit
875 3555 1043 3618 verisimile.
1089 3555 1177 3614 Henc
1197 3563 1298 3616 sutem
1315 3554 1466 3614 eliciemus

346 3664 407 3705 uns
431 3654 461 3706 ot
485 3644 649 3706 delebimus
681 3643 822 3706 mendum
846 3643 926 3725 quod
949 3664 1042 3726 supra
1065 3645 1203 3722 patefeci,
1229 3645 1254 3704 si
1278 3644 1465 3723 transpositis

320 3735 481 3795 ,versibus
505 3736 546 3796 45
571 3744 601 3794 et
625 3739 666 3796 46
691 3743 785 3795 totum
809 3735 906 3795 locum
930 3736 972 3796 sic
995 3735 1135 3812 legimus:

720 3880 780 3920 nou
802 3861 918 3921 lumine
940 3869 1067 3933 cessent,

476 3949 589 4010 multus
613 3948 726 4029 ubique
750 3949 827 4026 dies3
851 3949 942 4010 radiis
965 3950 1018 4012 ubi
1041 3950 1172 4010 culmine
1194 3949 1263 4008 totis

477 4039 609 4118 perforet
631 4049 724 4119 etque
747 4039 806 4100 elio
829 4041 875 4100 sol
898 4039 1051 4120 improbus
1074 4040 1172 4101 uritur
1195 4046 1279 4098 sesto

478 4128 623 4206 effulgent
646 4149 791 4204 mmerse,
816 4131 900 4190 verio
923 4130 1046 4206 festigiu
1067 4130 1145 4189 vitro
1265 4119 1271 4131 ’

364 4413 377 4464 t
409 4338 464 4468 vs)
484 4337 603 4408 pessime
623 4338 831 4395 Cornelissenus
851 4339 999 4410 (mnemV
1018 4339 1108 4412 (1877)
1127 4355 1152 4411 p.
1172 4339 1236 4408 ete)
1254 4337 1384 4394 coniecit:
1403 4351 1466 4400 cou-

348 4425 410 4466 sre
444 4425 484 4468 re.
