3440 5096
693 457 954 515 ..69-.

238 632 492 715 praedicatfluvii
514 653 637 696 numan:
662 633 726 708 tibi,
750 636 922 714 imperator,
947 633 1041 695 debeo
1065 633 1145 715 quod
1166 655 1225 696 non
1249 634 1360 695 obruor

241 743 341 787 caeno.
397 721 483 798 Quae
515 723 608 782 verba
639 723 721 782 haud
752 725 812 783 scio
844 741 882 784 an
913 724 1055 804 subsequi
1085 727 1200 806 possint
1230 727 1359 805 proximi

239 833 342 874 versus
369 849 407 856 —
440 815 516 872 sicut
549 815 580 872 in
608 812 776 872 asserendis
806 813 952 893 exemplis
979 815 1070 894 paulo
1101 816 1358 894 neglegentiorem

240 912 360 981 poetam
384 902 476 962 fuisse
500 905 560 961 iarn
583 923 674 978 supra
697 901 739 986 (p.
766 903 822 982 23)
847 902 1054 964 adnotavimus
1078 939 1119 950 -

497 1028 595 1107 qualis
619 1026 785 1108 Cinyphius
808 1037 927 1087 tacente
950 1031 1016 1110 ripa

498 1117 615 1176 Poenos
639 1116 780 1195 Bagrada
802 1120 895 1197 serpit
918 1121 997 1178 inter
1020 1139 1119 1197 agros.

239 1242 375 1302 conferas
399 1243 515 1303 Lucani
537 1243 635 1301 locum
660 1241 716 1318 (IV
743 1239 833 1324 587):
859 1242 949 1303 Curio

344 1369 500 1449 primaque
526 1378 625 1427 castra
646 1368 725 1427 locat
748 1387 820 1426 sano
844 1368 946 1442 procul
969 1389 1111 1448 aequore,
1136 1389 1196 1449 qua
1219 1389 1250 1429 se

344 1458 485 1534 Bagrada
509 1457 610 1516 lentus
635 1459 698 1534 agit
721 1459 817 1517 siccae
841 1458 970 1517 sulcator
994 1477 1112 1521 arenae,

240 1583 323 1659 Quos
345 1603 451 1642 versus
475 1584 517 1642 sic
539 1585 673 1642 imitatus
698 1593 744 1641 est
767 1583 857 1643 Silius
881 1584 1019 1646 Italicus:
1046 1584 1089 1645 VI
1115 1588 1190 1648 140:

403 1707 542 1769 turbidus
566 1709 677 1767 arentis
701 1707 781 1767 lento
805 1707 882 1788 pede
906 1709 1001 1769 sulcat
1025 1729 1131 1769 arenas

404 1797 554 1874 Bagrada,
579 1818 639 1856 non
663 1797 724 1857 ullo
747 1797 868 1876 Libycis
891 1799 1055 1858 infinibus
1080 1820 1167 1859 amne

399 1890 497 1946 victus
521 1887 638 1946 limosas
663 1885 826 1946 extendere
848 1887 937 1948 latius
961 1887 1057 1946 undas

400 1989 430 2036 et
455 1987 615 2054 stagnante
642 1975 717 2038 vado
741 1977 859 2056 patulos
883 1978 1038 2037 involvere
1062 1999 1189 2058 campos.

239 2104 376 2182 Uterque
406 2103 490 2162 locus
519 2103 631 2181 optime
654 2101 741 2160 Statii
770 2102 864 2160 verba
891 2104 1029 2161 illustrat.
1077 2103 1161 2162 Nihil
1188 2112 1281 2162 restat
1303 2105 1360 2162 nisi

172 2250 176 2257 ,
240 2202 276 2251 ut
293 2192 330 2251 da
345 2204 463 2252 tacente
479 2193 546 2271 ripa
563 2192 666 2270 paucis
683 2211 781 2268 agam.
815 2192 957 2269 Stangius
974 2191 1094 2270 quidem
1106 2194 1136 2251 in
1150 2194 1360 2252 commentario

238 2284 318 2340 sicco
348 2281 423 2357 pede
451 2281 581 2340 transilit
610 2279 815 2340 difficultatem
847 2283 888 2339 ita
915 2291 950 2341 ut
978 2282 1133 2342 Ritsohelii
1161 2281 1235 2341 illud
1264 2283 1360 2342 facete

241 2371 352 2430 dictum
386 2371 423 2429 de
451 2372 599 2429 continuis
627 2373 845 2429 commentariis
874 2373 904 2430 in
929 2381 1056 2430 mentem
1086 2372 1171 2434 nobis
1194 2369 1359 2450 revocet1).

239 2459 428 2540 Peyraredus
461 2472 559 2517 autem
591 2453 729 2542 ι11111011ίέ
756 2461 873 2539 scripsit
901 2482 955 2538 pro
982 2456 1119 2545 ,tacente'
1153 2461 1234 2540 quod
1266 2482 1360 2540 quan·

242 2570 332 2630 quam
363 2549 545 2608 Baehrensio
578 2551 685 2623 arrisit,
719 2549 789 2627 quid
821 2549 878 2608 sibi
909 2551 983 2607 velit
1013 2570 1074 2609 non
1108 2549 1206 2612 video.
1254 2551 1361 2629 Neque

130 2667 135 2676 ·
239 2641 337 2716 magis
362 2639 459 2718 placet
476 2637 634 2697 Schraderi
659 2641 828 2698 coniectura
854 2633 1000 2722 (1111101ιέ1
1024 2639 1082 2702 hoc
1103 2650 1179 2700 esset
1195 2641 1280 2698 cuius
1295 2641 1361 2718 ripa

240 2749 299 2786 non
331 2730 533 2804 cognoscitur.
580 2727 663 2786 Nihil
695 2729 814 2786 omnino
846 2727 1024 2788 mutandum
1047 2748 1112 2789 esse
1143 2749 1303 2807 censerem,
1337 2731 1362 2788 si

238 2819 352 2877 Lucani
377 2818 459 2875 locus
489 2817 595 2875 V443
620 2827 720 2874 nostro
745 2837 866 2894 prorsus
890 2817 992 2875 similis
1017 2829 1103 2879 esset.
1139 2819 1242 2878 Verba
1262 2829 1362 2877 autem

238 2916 307 2966 sunt
328 2907 415 2968 haec:
441 2928 534 2972 saeuo
558 2907 648 2986 011100
661 2907 765 2990 pelopi
787 2913 965 2988 moestoque
980 2908 1100 2990 1111111011
1121 2909 1361 2992 1110111ηά0010-

236 3019 304 3081 qna
332 2998 467 3062 iacentis
497 3016 599 3078 aquae
630 3001 683 3059 etc.
736 2996 815 3052 Hinc
843 2998 868 3053 si
897 2997 964 3074 quis
988 2996 1095 3054 collato
1119 2997 1216 3058 Theb.
1246 2997 1289 3056 IV
1320 3003 1358 3056 51

240 3106 306 3148 cum
324 3084 531 3160 Grasbergero
556 3083 587 3160 (l.
611 3084 629 3146 1,
653 3104 682 3162 p.
703 3082 780 3165 774)
804 3095 951 3143 tacentem
976 3087 1072 3164 ripam
1096 3105 1162 3145 eam
1186 3107 1251 3145 esse
1275 3083 1361 3158 dicet,

240 3177 287 3234 cui
317 3194 396 3255 aqua
426 3194 485 3233 non
510 3173 670 3252 obstrepit,
702 3173 743 3231 nil
768 3184 871 3233 contra
895 3173 999 3235 dicam.
1048 3174 1163 3234 Tamen
1193 3176 1362 3250 elegantius

240 3276 319 3324 certe
342 3264 536 3323 scriberetur:
565 3269 705 3348 ,patente
720 3257 806 3342 ripa':
832 3265 874 3320 ita
893 3276 928 3322 ut
949 3263 1059 3323 fluvius
1083 3266 1161 3340 ripas
1177 3285 1237 3324 non
1254 3265 1361 3322 consti-

240 3363 330 3425 tutas,
356 3353 407 3412 scd
432 3355 531 3411 varias
556 3373 677 3432 quoquo
700 3373 803 3411 versus
825 3353 937 3412 habere
959 3353 1195 3430 intellegeretur,
1221 3373 1295 3433 quas
1309 3374 1362 3432 pro

239 3443 363 3502 libidine
387 3441 556 3519 transgredi
577 3442 670 3500 fluvio
687 3442 805 3520 patulos
823 3462 942 3520 campos
958 3442 1116 3502 inundanti
1131 3443 1209 3502 licet.
1246 3444 1362 3501 Tamen

240 3532 369 3590 concedo
393 3533 496 3610 aliquo
521 3531 607 3590 modo
632 3530 772 3589 traditam
794 3530 952 3589 lectionem
977 3552 1065 3608 posse
1089 3530 1219 3593 defendi.

329 3622 456 3681 Temere
485 3620 724 3680 Cornelissenum
754 3616 786 3701 (l.
816 3621 835 3677 1,
866 3641 895 3698 p.
928 3620 1006 3698 283)
1036 3641 1102 3678 cum
1132 3621 1203 3679 alibi
1233 3632 1295 3679 tum
1326 3619 1363 3680 de

239 3711 271 3771 11
294 3717 323 3783 4,
339 3713 381 3772 20
403 3712 501 3786 egisse
529 3711 694 3783 statuerim,
719 3709 772 3767 ubi
788 3730 889 3768 vocem
902 3712 1021 3792 perdix
1038 3713 1175 3770 tentavit.
1209 3710 1362 3770 Cornicem

239 3811 339 3859 autem
372 3820 424 3880 pro
457 3798 575 3878 perdice
606 3808 693 3877 putat
724 3799 852 3857 Statium
883 3801 1045 3878 scripsisse.
1092 3799 1160 3858 Non
1189 3799 1254 3859 dico
1284 3799 1363 3878 quod

240 3892 299 3948 iarn
323 3891 409 3948 multi
433 3899 504 3947 ante
527 3909 593 3946 eum
617 3891 649 3946 in
674 3887 797 3946 eandem
816 3891 1015 3947 coniecturam
1041 3888 1219 3960 inciderunt,
1236 3888 1267 3948 id
1284 3887 1363 3968 quod

242 3981 331 4058 plane
362 3999 430 4037 eum
462 3980 549 4055 fugit.
596 3977 711 4035 Tamen
743 3977 846 4036 videre
874 3979 971 4056 potuit
1000 3979 1161 4037 refutatam
1190 3999 1253 4037 esse
1279 3999 1362 4036 suain

242 4071 438 4127 coniecturam
464 4070 521 4124 iam
547 4088 564 4123 a
582 4067 746 4137 Bernartio,
773 4069 824 4144 qui
849 4066 885 4124 de
908 4067 1061 4145 perdicum
1076 4088 1151 4126 sonu
1167 4069 1362 4142 κακκαβίζειν

241 4157 299 4216 dici
323 4157 483 4216 affirmavit
512 4157 548 4216 cl,
574 4157 643 4219 Ath.
671 4155 718 4214 IX
748 4155 841 4217 389‘1.
873 4159 965 4217 390³.
996 4155 1076 4214 unde
1100 4156 1231 4216 Graecos
1255 4157 1361 4216 avibus

240 4247 299 4306 illis
323 4247 457 4323 linguam
483 4245 621 4304 tribuisse
645 4255 779 4324 apparet.
816 4244 891 4304 Mihi
915 4266 985 4305 vero
1009 4244 1120 4306 sufficit
1143 4267 1220 4305 unus
1236 4243 1361 4306 Ovidius

342 4405 353 4474 )
373 4371 605 4467 1001100011.
626 4401 671 4457 w.
690 4398 806 4456 nissen.
826 4401 847 4455 1.
868 4417 892 4469 p.
913 4401 955 4456 os.
