3440 5096
728 478 947 536 ...75-

281 658 446 719 mutatione
470 657 559 717 etiam
575 657 728 717 meliorem
745 675 865 716 sensum
888 655 967 715 effici
990 675 1078 736 posse
1092 675 1269 738 persuasum
1292 656 1399 721 habeo.

281 747 395 808 Poetae
420 748 498 808 enim
522 744 616 806 verba
639 747 789 807 invenisse
812 746 898 806 uobis
913 745 1050 806 videmur
1073 765 1139 806 cum
1155 745 1326 811 scribimus:
1352 745 1401 808 de-

280 846 426 917 ceptaque
454 857 592 904 munero
622 837 734 897 matris.
780 837 915 916 Decepta
942 845 1043 896 autem
1071 849 1196 896 munera
1226 846 1297 897 sunt
1323 836 1401 898 deci-

280 928 395 1007 pientia
417 936 552 1000 matrem,
584 927 661 985 sicut
683 933 764 984 recte
793 926 984 1006 participium
1008 925 1173 1006 explicavit
1196 925 1400 987 Marklandus.

281 1016 335 1077 Cui
358 1017 547 1078 coniecturae
573 1035 642 1093 ego,
659 1017 683 1076 si
699 1015 886 1075 Koestlinius
910 1034 1004 1074 essem
1029 1015 1269 1075 allitterationem
1286 1036 1401 1076 summo

283 1125 373 1186 opere
388 1105 492 1166 favere
509 1104 645 1168 dicerem.
684 1103 744 1164 Sed
767 1114 796 1164 et
812 1106 878 1184 ipsa
894 1104 968 1164 mihi
990 1125 1050 1164 non
1064 1105 1129 1165 siue
1143 1107 1279 1166 veritatis
1302 1107 1401 1185 specie

217 1209 220 1214 '
280 1215 345 1256 essa
367 1196 495 1259 videtur.

370 1286 532 1364 Disputare
543 1285 603 1345 iam
626 1283 700 1343 libet
711 1282 748 1342 de
761 1284 792 1344 ΙΙ
807 1287 834 1364 1,
851 1286 923 1346 138.
965 1283 1122 1344 Glauciam
1134 1304 1259 1364 puerum
1272 1305 1402 1345 summas

281 1373 385 1435 Atedii
408 1375 539 1435 Melioris
564 1372 685 1433 delicias
709 1373 801 1432 luisse
824 1371 979 1453 praedicat
1002 1381 1105 1454 poeta3
1129 1373 1181 1434 sed

284 1502 355 1562 137.
621 1498 737 1558 subitae
759 1500 879 1558 inimica
902 1499 1016 1559 levavit

384 1589 480 1650 Parca
503 1608 619 1652 manus.
645 1608 715 1668 quo,
741 1587 820 1662 diva,
844 1589 924 1649 leros
946 1590 1047 1664 gravis
1071 1591 1185 1651 exseris
1208 1588 1349 1663 ungues?

270 1735 411 1804 Miratus
440 1752 506 1792 sum
534 1751 716 1812 magnopere
740 1751 806 1790 cum
829 1732 886 1791 hoc
909 1733 973 1792 loco
999 1727 1131 1816 ¹angues’
1157 1732 1239 1812 quod
1262 1732 1401 1791 traditum

281 1832 325 1882 est
356 1824 389 1880 in
415 1823 475 1881 line
507 1843 536 1882 v.
566 1825 638 1891 138,
668 1822 875 1899 cognovissem
907 1820 1027 1880 defendi
1057 1821 1096 1880 ab
1119 1823 1251 1882 Henrico
1275 1823 1401 1882 Millero

282 1912 314 1989 (l.
332 1915 351 1973 l.
370 1933 399 1992 p.
419 1913 484 1989 54),
502 1912 554 1990 qui
571 1910 681 1970 Parcas
707 1919 737 1969 et
752 1909 859 1969 Furias
877 1909 1021 1972 confudit.
1061 1911 1171 1970 Parcas
1195 1913 1272 1970 euim
1297 1913 1402 1988 angui-

280 2002 337 2059 bus
367 2009 528 2060 exornatas
556 2019 621 2059 esse
646 1999 849 2059 demonstrare
873 1998 973 2059 studet
997 1999 1111 2060 collatis
1133 2001 1351 2078 111,1842q.
1373 2009 1403 2058 et

280 2089 377 2153 Theb.
400 2089 463 2149 XII
492 2091 564 2154 647.
611 2088 727 2164 Quibus
757 2090 828 2149 locis
858 2109 917 2149 non
941 2090 1065 2161 Parcas,
1098 2088 1150 2148 sed
1184 2085 1310 2167 Erinyas
1343 2087 1401 2147 dici

280 2180 345 2258 ipsa
368 2199 400 2238 re
424 2189 518 2259 patet.
566 2181 634 2239 Hae
665 2181 744 2238 enirn
776 2199 842 2238 cum
867 2178 995 2240 Cerbero
1019 2178 1141 2237 Tartari
1172 2188 1273 2258 portas
1305 2189 1400 2238 custo·

280 2268 373 2328 diunt.
420 2269 458 2335 cl.
482 2269 528 2329 111
553 2272 582 2341 3,
597 2270 652 2332 25:

439 2392 523 2467 felix,
548 2394 608 2454 heu
631 2394 754 2453 nimium
777 2393 867 2456 felix!
892 2393 1069 2472 plorataque
1093 2403 1164 2454 nato

441 2483 548 2542 umbra
571 2483 669 2543 venit:
693 2484 785 2562 longe
807 2483 967 2544 Furiarum
990 2484 1077 2542 sibila
1101 2483 1191 2561 longe

442 2575 625 2652 tergeminus
648 2581 757 2647 custos,
781 2575 900 2654 penitus
924 2575 974 2633 via
996 2574 1088 2652 longa
1112 2582 1248 2653 patescat

441 2663 581 2723 manibus
605 2665 745 2742 egregiis.

281 2796 436 2866 praeterea
459 2788 594 2848 conferas
621 2789 646 2848 V
671 2791 699 2868 3,
714 2790 791 2850 277:

442 2939 473 2989 at
496 2950 558 3004 vos,
582 2930 755 2990 umbrarum
778 2949 865 3008 reges
888 2931 1056 3010 Enneaque
1078 2931 1163 3004 luno,

442 3022 467 3079 si
489 3017 641 3080 laudanda
664 3040 780 3099 precor,
805 3020 908 3079 taedas
932 3020 1048 3080 auferte
1072 3040 1232 3101 comasque

442 3108 655 3170 Eumenidum:
680 3110 765 3170 nullo
788 3119 873 3170 sonet
896 3131 984 3190 asper
1006 3111 1115 3170 ianitor
1138 3131 1188 3170 ore
1213 3119 1269 3171 etc.

283 3251 360 3312 adde
383 3252 453 3314 Tib.
476 3255 492 3312 I
517 3259 546 3326 3,
562 3257 601 3315 69
625 3274 670 3333 sq.
695 3254 734 3313 al.
759 3274 875 3330 angues
906 3255 1000 3332 igitur
1031 3253 1113 3314 nullo
1145 3253 1231 3312 modo
1261 3262 1343 3312 recte
1369 3273 1402 3312 se

284 3341 397 3402 habere
413 3363 502 3422 posse
518 3345 590 3403 satis
605 3343 836 3403 demonstratum
853 3353 911 3406 est:
923 3345 1046 3404 Meursii
1061 3345 1245 3424 propositum
1263 3337 1399 3426 ‘ungues'

283 3432 419 3511 pluribus
436 3432 643 3492 commendare
659 3453 718 3492 nou
735 3454 810 3513 opus
827 3435 892 3494 erit.
928 3433 987 3492 Sed
1003 3431 1086 3493 aliud
1101 3441 1200 3493 exstat
1217 3430 1295 3511 quod
1313 3431 1401 3491 velim

282 3542 320 3581 ne
343 3523 608 3598 praetermittatur.
655 3524 749 3582 Recte
773 3523 849 3581 enim
873 3522 992 3582 videtur
1015 3523 1087 3582 mihi
1110 3523 1238 3582 sensisse
1255 3520 1402 3582 Cornelis·
1472 3563 1475 3570 .

283 3631 373 3670 senus
396 3609 428 3692 (l.
452 3611 472 3674 l.
497 3633 526 3692 p.
552 3613 629 3690 283)
660 3632 733 3672 voce
759 3608 849 3698 ‘diva'
882 3632 943 3671 nou
973 3621 1044 3691 apte
1074 3611 1130 3671 hoc
1160 3613 1225 3670 loco
1255 3611 1402 3690 appellari

283 3700 418 3780 Parcam,
444 3721 510 3760 cum
535 3700 626 3781 plane
649 3722 709 3760 non
733 3703 929 3782 perspiciatur
953 3721 1031 3780 quae
1062 3703 1100 3759 sit
1127 3700 1288 3777 singularis
1311 3701 1401 3760 huius

284 3790 407 3869 epitheti
431 3791 484 3853 vis.
531 3791 731 3866 Quamobrem
752 3784 847 3870 ‘dira'
881 3790 971 3851 scribi
1002 3792 1095 3854 iussit.
1141 3790 1322 3870 Quanquam
1345 3790 1401 3848 hoc

285 3879 431 3939 adiectivo
455 3880 551 3940 Parca
574 3881 656 3941 nullo
679 3889 767 3960 pacto
792 3881 954 3958 significari
977 3888 1084 3961 potest.
1119 3879 1300 3940 Eumenides
1323 3880 1400 3938 enim

283 3979 432 4028 vocantur
457 3967 581 4054 ‘dirae'3
605 3971 718 4029 Parcae
742 3990 814 4029 vero
843 3971 1017 4050 saepissime
1040 3968 1166 4028 audiunt
1191 3963 1308 4052 ‘durae'
1334 3988 1400 4026 cum

284 4056 365 4139 apud
397 4059 470 4119 alios
501 4071 605 4140 poetas
636 4069 697 4124 tum
731 4059 811 4140 apud
843 4062 940 4140 ipsum
972 4061 1142 4138 Papinium:
1174 4060 1211 4118 cf.
1243 4059 1274 4117 II
1302 4059 1398 4131 3,75.

284 4150 309 4208 V
336 4150 454 4228 1,156.
479 4150 576 4213 Theb.
608 4148 655 4208 111
686 4153 760 4211 205.
785 4153 859 4211 491.
885 4150 930 4210 VI
962 4153 1013 4215 lo.
1039 4152 1112 4210 303.
1137 4149 1197 4208 VH
1223 4149 1294 4208 774.
1326 4147 1399 4208 Ach.

283 4237 298 4297 l
339 4241 400 4299 519
441 4237 480 4297 al.
530 4237 605 4299 Iade
644 4238 677 4297 fit
722 4239 899 4311 verisimile,
940 4238 995 4298 hoc
1034 4258 1155 4318 quoque
1193 4238 1256 4296 loco
1297 4233 1399 4321 ‘dura’

284 4325 474 4387 scribendum
498 4348 573 4392 csse.
619 4329 706 4404 Quae
730 4329 902 4389 coniectura
930 4337 1009 4389 carte
1032 4330 1128 4390 verior
1151 4336 1197 4386 est
1221 4346 1311 4405 quam
1334 4326 1400 4414 Cor-

284 4417 435 4478 uelisseui.
471 4417 595 4480 Accedit
620 4417 701 4502 quod
724 4419 755 4478 in
779 4417 880 4481 codice
895 4418 1063 4482 Matriteasi
1078 4436 1233 4496 nunquam
1248 4416 1311 4477 fere
1333 4418 1398 4475 titu-
