3440 5096
808 451 1027 509 ..66-

362 631 434 690 275.
460 637 513 688 aut
535 625 623 692 most
647 627 692 688 fas
715 626 787 686 mihi
811 631 850 686 sit
873 628 983 708 patrios
1007 628 1181 706 contingere
1203 631 1317 710 vultus,

459 718 505 778 fas
529 718 662 778 iunxisse
687 735 799 790 manus,
825 728 855 776 st
878 716 929 776 lex
954 737 1162 798 quaecumque
1184 731 1338 800 sequatur.

447 807 691 885 ingeniosissima
722 818 767 866 est
797 805 915 867 Heinsii
946 806 1114 867 coniectura
1146 828 1206 888 qua
1237 832 1266 874 v.
1294 814 1357 873 273
1390 814 1477 874 unius

358 895 475 958 litterae
510 899 675 957 mutatione
704 897 788 956 restit
789 897 847 955 uit·
888 897 925 982 77
954 897 1012 963 77777
1042 918 1112 964 totta
1141 905 1226 965 77777
1258 894 1322 966 777.ι
1371 901 1477 983 Neque

361 985 567 1067 probabilitati
590 987 686 1046 obfuit
709 983 789 1066 quod
805 985 960 1047 oblocutus
976 998 1022 1046 est
1037 987 1118 1046 Koes
1120 987 1221 1047 tliuius
1224 985 1260 1073 .¹)
1299 989 1359 1065 Qui
1380 991 1477 1052 locum

262 1135 264 1140 ,
358 1075 433 1136 adeo
458 1097 517 1136 non
548 1077 696 1136 intellexit
719 1086 752 1134 ut
776 1074 959 1155 Phylaceida
989 1076 1126 1136 umbram
1157 1075 1193 1136 de
1217 1077 1345 1139 Admeto
1368 1082 1417 1140 vel
1441 1081 1478 1141 de

357 1166 510 1226 Alcestide
547 1165 604 1224 dici
636 1174 770 1244 putaret:
804 1162 841 1224 de
871 1165 1034 1224 Protesilao
1070 1167 1158 1225 ceteri
1195 1168 1358 1229 rectissime
1394 1190 1478 1230 acce-

357 1267 475 1336 perunt.
521 1257 557 1315 In
580 1274 668 1314 versu
690 1255 783 1331 igitur
809 1257 871 1315 273
903 1254 1087 1315 restituendo
1120 1254 1209 1331 plane
1233 1260 1385 1317 consentio
1410 1281 1476 1320 cum

358 1346 491 1424 Heinsio,
524 1358 623 1403 tamen
654 1343 705 1402 ille
733 1345 880 1404 imminuit
910 1344 1154 1423 probabilitatem
1186 1346 1373 1406 coniecturae
1404 1370 1478 1408 suae

358 1455 393 1493 eo
430 1431 509 1513 quod
545 1453 574 1495 v.
610 1435 672 1495 272
709 1453 945 1512 supervacanea,
977 1435 1065 1493 immo
1096 1433 1277 1492 intolerabili
1312 1440 1477 1498 mutatione

358 1523 397 1606 ι87
421 1522 620 1588 Thessalicas
643 1522 801 1588 Admetoo
824 1522 863 1587 777
886 1514 968 1586 olus’
987 1521 1175 1581 scribendum
1192 1522 1307 1583 censuit
1322 1523 1475 1586 lacunam·¹

358 1633 418 1692 que
442 1623 510 1691 post
533 1611 613 1670 hunc
628 1627 748 1671 versum
771 1611 875 1670 statuit
893 1643 931 1654 -—
950 1609 1150 1669 Baehrensius
1167 1631 1238 1670 vero
1259 1611 1316 1671 hoc
1332 1611 1476 1673 adnotare

358 1703 464 1763 omisit.
503 1703 709 1760 necessariam
741 1720 804 1759 esse
834 1699 925 1759 ullam
957 1701 1150 1759 mutationem
1179 1702 1304 1778 negavi:
1336 1703 1476 1781 suppleas

356 1789 442 1850 modo
467 1811 506 1850 ex
538 1791 629 1851 verbo
656 1785 790 1873 ,rettulit’
815 1791 940 1850 verbum
969 1789 1190 1849 substantivum
1215 1783 1300 1875 ,fuit’r
1324 1791 1407 1849 salva
1430 1801 1476 1852 est

357 1882 523 1940 sententia:
548 1883 573 1939 si
597 1879 777 1940 Thessalicis
794 1879 940 1940 Admotus
963 1881 994 1938 in
1018 1880 1076 1939 oris
1099 1879 1156 1939 fuit
1178 1879 1207 1943 h.
1224 1900 1249 1940 e.
1265 1881 1350 1954 vixit,
1374 1881 1399 1939 si
1422 1881 1476 1940 lux

358 1991 419 2030 una
435 1970 631 2031 Protesilaum
655 1969 776 2030 reduxit
799 1968 837 2028 ad
860 1971 954 2050 vivos,
979 1989 1032 2030 cur
1055 1988 1111 2047 ego
1135 1969 1192 2028 hoc
1215 1989 1274 2028 non
1297 1979 1400 2050 potero
1423 1971 1474 2029 im·

361 2070 481 2142 patrare
505 2081 523 2119 a
546 2058 637 2119 Dite?
683 2062 785 2139 Atque
809 2061 994 2120 notissimum
1019 2070 1064 2120 est
1087 2059 1214 2119 Statium
1237 2080 1329 2140 saepe
1352 2059 1476 2120 verbum

359 2150 581 2210 substantivum
613 2150 762 2232 omittere,
787 2150 901 2208 etiamsi
931 2169 991 2208 non
1022 2148 1147 2228 copulae
1177 2149 1268 2209 solam
1291 2150 1352 2209 vim
1375 2148 1476 2223 habet,

358 2241 411 2300 ubi
435 2240 484 2299 vel
508 2238 657 2299 antecedit
681 2239 730 2298 vel
753 2240 889 2318 sequitur
912 2238 1037 2298 verbum
1061 2237 1141 2318 quod
1165 2237 1269 2298 eadem
1290 2239 1384 2298 forma
1400 2240 1475 2318 posi·

359 2343 422 2389 tum
461 2339 519 2402 est,
561 2349 622 2409 qua
658 2326 734 2388 illud
773 2327 966 2388 desiderffatur
1022 2327 1163 2388 Conleras
1196 2329 1324 2408 exempli
1363 2330 1475 2407 gratia:

355 2419 400 2477 IV
427 2420 548 2499 3,160:
575 2417 678 2501 donec
700 2418 862 2477 Troicus
854 2417 934 2494 rgnis
959 2418 1103 2493 <erit>
1128 2431 1158 2476 et
1181 2431 1303 2477 renatae
1327 2418 1476 2498 Tarpeius

355 2518 443 2589 pater
459 2508 609 2568 intonabit
626 2502 732 2567 aulae’
762 2507 778 2566 I
795 2510 824 2578 3,
840 2509 895 2570 24:
926 2506 996 2566 17777
1013 2519 1173 2585 utrumque
1189 2491 1292 2567 domus
1300 2509 1324 2586 ²)
1342 2509 1475 2586 <777>

357 2619 412 2659 777
435 2608 465 2657 77
489 2600 662 2658 mitissimus
686 2599 781 2656 amnis
797 2590 920 2659 dividit
939 2607 973 2654 ut
989 2596 1055 2654 aliis
1071 2595 1226 2674 exemplis,
1252 2616 1378 2676 quorum
1394 2619 1475 2675 mag·

356 2709 413 2748 nus
437 2708 579 2748 numerus
603 2696 713 2759 exstat,
738 2683 896 2745 afferendis
920 2683 1140 2765 supersedeam

445 2778 584 2857 Denique
608 2775 781 2838 Schwartaii
805 2775 838 2853 (l.
856 2775 875 2839 l.
893 2795 922 2856 p.
942 2769 994 2857 13)
1021 2775 1220 2834 coniecturam
1248 2775 1378 2834 refutare
1402 2774 1478 2836 libet

358 2869 410 2947 qui
433 2887 462 2927 v.
484 2869 545 2927 259
574 2863 716 2952 demisit
741 2869 857 2926 censuit
880 2862 1066 2926 scribendum
1090 2884 1155 2924 esse
1178 2884 1232 2945 pro
1256 2885 1290 2925 77
1315 2863 1393 2967 quod
1417 2874 1475 2924 tra·

358 2959 451 3016 ditum
475 2967 533 3018 est:
560 2949 756 3042 praemiati.
803 2955 864 3016 Ubi
887 2975 948 3014 non
970 2966 1201 3034 praematuram,
1227 2954 1280 3014 sed
1302 2956 1389 3013 nimis
1415 2954 1476 3014 len·

357 3060 417 3106 tam
440 3057 564 3106 mortem
587 3048 629 3105 ait
653 3066 718 3106 esse
742 3038 988 3121 intellegendum.
1034 3044 1100 3105 Hoc
1129 3046 1290 3104 rectissime
1314 3043 1475 3119 contendit,

357 3135 411 3196 sed
433 3135 496 3195 id
488 3154 583 3212 ipsum
607 3137 685 3196 inest
708 3137 739 3195 77
763 3135 862 3194 verbis
885 3132 1011 3193 traditis.
1058 3133 1182 3194 Nam
1159 3155 1184 3193 s1
1208 3135 1275 3213 quis
1299 3136 1382 3194 senio
1405 3153 1475 3194 con·

357 3227 452 3285 lectus
475 3226 613 3300 tabescit,
645 3245 767 3304 corpore
798 3223 913 3285 infirmo
935 3224 1029 3283 fere
1021 3243 1080 3283 7777
1103 3237 1236 3283 mortuus
1260 3233 1313 3296 est,
1346 3224 1417 3283 licet
1439 3225 1477 3284 sit

358 3315 456 3375 adhuc
478 3317 557 3375 inter
580 3317 676 3375 vivos.
724 3315 790 3375 Hoc
821 3324 922 3374 autem
953 3323 1000 3373 est
1023 3311 1111 3372 illud:
1142 3313 1281 3380 membra
1306 3314 1477 3398 praemisit

356 3405 510 3490 repulere.
548 3403 637 3464 Hauc
660 3414 760 3466 autem
776 3404 1053 3484 interpretationem
1069 3421 1171 3461 veram
1194 3423 1259 3462 csse
1281 3404 1346 3484 ipsa
1369 3416 1476 3483 poetae

357 3494 449 3556 verba
473 3493 593 3555 docent:
618 3494 779 3562 7777777777
800 3493 970 3578 praemisit
993 3493 1171 3568 7777777777
1188 3492 1339 3572 sepulcro.

447 3583 505 3644 Sed
536 3587 596 3644 iam
627 3586 749 3644 missum
780 3585 923 3643 faciamus
954 3580 1109 3663 epicedion
1141 3584 1247 3662 patris:
1278 3585 1309 3641 in
1340 3584 1476 3663 proxima

359 3675 464 3752 ecloga
497 3672 710 3754 lepidissimam
742 3684 772 3733 et
806 3672 1013 3754 politissimam
1048 3673 1226 3732 sententiam
1262 3670 1354 3748 vulgo
1389 3671 1477 3732 loede

362 3777 563 3843 corrumpunt.
610 3764 656 3824 De
680 3784 769 3824 versu
796 3768 832 3824 11
859 3762 1010 3822 Adrianus
1035 3761 1066 3839 (l.
1090 3761 1109 3822 l.
1135 3782 1164 3842 p.
1183 3762 1238 3841 25)
1262 3759 1300 3819 de
1322 3781 1411 3821 versu
1438 3765 1476 3822 14

357 3850 589 3938 Rossbergius3)
613 3866 679 3933 post
695 3854 850 3912 Barthium
873 3863 954 3912 recte
977 3849 1157 3913 iudicavere.
1197 3848 1256 3910 Sed
1280 3854 1368 3912 v.10
1391 3871 1477 3910 nemo

357 3944 452 4002 Statio
484 3963 570 4003 suum
599 3941 777 4003 vindicavit:
809 3962 893 4002 suam
923 3942 1051 4022 quisque
1082 3944 1260 4001 sententiam
1289 3953 1396 4021 poetae
1427 3941 1476 4000 ob-

358 4034 446 4094 trusit
468 4033 588 4092 minimo
612 4053 684 4092 sane
707 4033 756 4093 vel
779 4034 879 4134 potius
902 4030 985 4091 nullo
1010 4051 1076 4090 cum
1099 4032 1209 4090 fructu.
1251 4029 1355 4091 Morbo
1378 4031 1474 4092 fessus

357 4125 434 4183 iacet
437 4134 548 4236 poeta
570 4134 662 4203 atque
685 4133 787 4182 noctes
812 4123 953 4182 insomnis
976 4121 1053 4198 agit:
1077 4122 1149 4194 74,
1171 4120 1202 4179 7.

357 4229 433 4236 ——u-

449 4260 563 4334 >qui
563 4259 667 4316 salvom
686 4279 759 4317 777777
778 4261 855 4317 tetra’
876 4259 1030 4317 coniecitl.
1049 4261 1067 4316 l
1086 4277 1112 4331 p.
1132 4263 1192 4318 522

448 4333 471 4404 ¹)
489 4349 557 4392 corr.
576 4333 697 4404 Lipsius.
717 4334 774 4392 cod
794 4335 874 4390 domi.

449 4407 471 4482 ⁸>
490 4408 662 4466 Fleckeiseui
681 4424 743 4466 aun
762 4405 881 4467 uxum
899 4408 991 4482 (1885)
1009 4425 1036 4480 p.
1057 4408 1115 4468 tus.
