3440 5096
741 459 961 520 -77-'

290 641 356 701 dice
372 641 577 701 Laurentiano
594 643 736 718 βαρυνον
751 647 849 699 exstet
869 637 949 720 quod
969 640 1093 728 propius
1117 640 1204 700 abest
1227 662 1245 699 a
1261 637 1410 720 Βώριμον

289 751 380 811 quam
404 752 422 789 a
445 731 592 809 Βῶρμον.
640 732 736 790 Recte
760 730 836 788 hano
860 731 1059 789 coniecturam
1093 732 1206 811 respuit
1229 730 1409 792 Lundstroe·

289 823 365 880 mius
390 818 424 902 (l.
449 820 469 881 l.
494 841 523 900 p.
549 821 614 898 68).
662 821 778 879 Dianae
809 821 888 878 enim
918 820 1098 880 mentionem
1126 819 1191 880 fieri
1215 840 1336 900 prorsus
1359 841 1408 881 ne-

292 914 454 970 cessarium
478 921 532 971 est.
580 908 639 967 Sed
663 928 724 968 non
740 909 875 968 Triviam
898 929 965 968 cum
982 909 1202 970 Sandstroemio
1227 908 1258 992 (l.
1275 911 1294 974 l.
1310 932 1338 990 p.
1354 911 1409 989 20)

288 1005 467 1080 reponemus
496 1019 595 1079 neque
618 998 698 1078 quod
722 1001 895 1078 nuperrime
910 997 1153 1058 Lundstroemins
1177 1003 1332 1079 proposuit
1354 1001 1373 1062 l.
1390 1002 1410 1062 l.

291 1084 469 1174 ‘Bromiamss
503 1090 662 1168 Nusquam
678 1090 756 1147 enim
773 1089 829 1147 hoo
846 1089 1000 1168 epitheton
1016 1089 1132 1149 Dianae
1147 1091 1195 1150 vel
1216 1125 1255 1134 -
1272 1089 1304 1147 id
1328 1087 1408 1169 quod

289 1178 367 1237 idem
390 1180 472 1237 valet
495 1179 575 1258 apud
592 1179 720 1238 Statium
735 1209 774 1222 -—
789 1179 923 1237 Hecatae
947 1181 1074 1238 occurrit
1090 1181 1145 1238 nisi
1161 1181 1192 1237 in
1209 1179 1319 1258 hymno
1336 1198 1408 1258 quo·

289 1268 357 1327 dam
378 1267 509 1347 Orphioo
525 1267 591 1351 (36,
606 1268 650 1349 2),
671 1267 798 1327 sednon
814 1283 848 1326 ut
863 1287 970 1326 nomen
987 1268 1124 1341 deserit,
1142 1288 1245 1328 verum
1262 1278 1295 1327 ut
1312 1270 1408 1328 cultus

289 1357 450 1437 epitheton.
498 1359 610 1417 Vocem
634 1368 733 1416 autem
759 1367 819 1416 tam
842 1369 986 1417 remotam
1010 1378 1028 1416 a
1052 1370 1209 1437 poetarum
1240 1359 1410 1439 suppellec-

289 1450 341 1506 tile
356 1447 491 1508 Statione
514 1448 586 1506 licet
609 1446 789 1507 obtrudere?
828 1448 920 1506 Recte
945 1447 1022 1505 hanc
1047 1450 1247 1508 coniecturam
1270 1449 1407 1527 quamvis

289 1536 475 1616 splendidam
506 1537 642 1611 neglexit
665 1533 878 1614 Skutschiusll
911 1538 945 1595 in
975 1540 1148 1597 recensione
1184 1538 1278 1596 libelli
1308 1536 1410 1596 Lund-

290 1628 472 1688 stroemiani.
520 1625 579 1686 Sed
603 1625 684 1706 quod
707 1626 853 1704 Scaligeri
882 1629 1081 1686 coniecturam
1109 1628 1314 1688 violentiorem
1339 1626 1409 1685 dicit

290 1715 536 1775 Lundstroemius
561 1736 651 1796 quam
675 1725 709 1774 ut
732 1718 827 1796 accipi
851 1721 957 1795 possit:
982 1717 1077 1775 lenior
1099 1717 1133 1774 fit
1148 1719 1173 1775 si
1190 1718 1408 1779 accusativum:

291 1806 432 1872 Erimon
460 1806 615 1864 scribimus
644 1804 682 1865 ad
710 1805 932 1864 ‘similitudinem
958 1808 1120 1864 accusativi
1147 1803 1260 1892 ‘echon'
1286 1809 1338 1886 qui
1362 1826 1408 1866 oo·

290 1898 383 1954 currit
405 1895 449 1954 IV
468 1900 496 1967 3,
512 1897 563 1957 63.
591 1896 626 1957 cf.
643 1895 799 1969 Biicheler,
818 1897 894 1957 Mus.
911 1896 1007 1958 Rhen.
1025 1895 1132 1954 XLIII
1148 1893 1262 1977 (1888)
1279 1917 1309 1976 p.
1336 1899 1409 1959 295.

290 1985 374 2045 Abiit
396 1986 502 2062 igitur:
528 1986 640 2064 ‘lirion'
665 1985 697 2043 in
720 1986 841 2062 ‘Brbil'lh

379 2075 443 2134 Iam
479 2084 660 2134 tractaturus
699 2095 764 2134 sum
799 2075 1012 2160 Propempttri
1048 2075 1128 2154 quod
1164 2075 1278 2134 Maecio
1314 2073 1411 2134 Celeri

291 2166 409 2243 scripsit
426 2166 539 2224 Statius
564 2164 673 2245 (1112)
698 2184 817 2224 versum
843 2170 894 2226 30.
942 2164 1138 2244 Lepidissime
1160 2175 1250 2244 poeta
1264 2163 1410 2224 Nereidas

290 2254 375 2314 iubet
398 2256 485 2314 amici
513 2274 620 2313 navem
649 2273 794 2313 exornare
824 2264 853 2314 et
877 2254 915 2313 ad
942 2253 1190 2333 proficiscendum
1218 2274 1409 2334 praeparare.

292 2343 392 2403 Huius
415 2344 500 2402 navis

304 2471 356 2530 25.
384 2479 544 2549 utrumque
567 2470 647 2530 latus
671 2471 752 2529 molli
775 2472 1059 2552 praecingitegyro

381 2561 570 2639 partitaeque
593 2563 672 2620 vices
696 2581 749 2620 vos
772 2573 904 2642 stuppea
927 2562 1040 2622 tendite
1062 2562 1133 2620 mali

381 2649 512 2730 vincula,
538 2652 735 2710 vossummis
759 2650 908 2710 adnectite
931 2654 1031 2730 sipara
1054 2653 1137 2731 velis,

381 2759 435 2798 vos
457 2735 605 2818 Zephyris
629 2742 743 2820 aperite
767 2742 863 2815 sinus;
887 2761 956 2819 pars
979 2753 1107 2800 transtra
1129 2750 1265 2820 reponat,

381 2849 450 2907 pars
474 2829 612 2889 demittat
634 2832 721 2908 aquis
745 2850 854 2890 curvae
878 2830 1079 2890 moderamina
1102 2832 1227 2910 puppis;

307 2920 359 2978 30.
384 2920 444 2976 sint
467 2919 576 2998 quibus
600 2923 757 2999 explorent
780 2921 890 2999 primos
913 2921 1015 2998 gravis
1038 2930 1103 2978 arte
1126 2921 1271 2979 molorcos

382 3028 521 3088 quaeque
545 3025 714 3068 secuturam
738 3010 867 3086 religent
889 3021 957 3089 post
979 3021 1065 3086 terga
1088 3009 1235 3088 phaselon
1259 3014 1315 3070 etc.

293 3129 379 3205 Quae
395 3131 432 3189 ad
449 3153 478 3196 v.
495 3137 535 3193 30
553 3136 667 3214 priores
695 3136 857 3214 coniecere,
874 3137 926 3193 vix
941 3136 1191 3215 operaepretium
1208 3144 1252 3192 est
1265 3143 1409 3213 repetere,

292 3240 359 3280 cum
383 3242 469 3282 nemo
492 3224 555 3282 fere
579 3226 757 3283 sententiam
781 3227 978 3304 perspexerit.
1014 3225 1126 3284 Verum
1151 3225 1239 3284 unice
1261 3234 1307 3283 est
1329 3222 1411 3303 quod

292 3311 362 3370 olim
394 3312 487 3371 latere
518 3312 634 3374 viderat
663 3314 755 3374 Ianus
786 3313 979 3390 liutgardae,
1012 3316 1243 3393 nuperrimeque
1274 3315 1304 3371 in
1333 3314 1411 3373 idem

292 3400 396 3459 incidit
419 3400 578 3462 Eduardus
601 3402 752 3463 Schwartz
776 3403 809 3485 (l.
840 3405 858 3466 l.
881 3425 912 3484 p.
939 3406 1009 3482 16);
1034 3400 1192 3483 perperam'
1216 3404 1295 3462 enim
1319 3405 1412 3462 verba

292 3493 323 3548 in
348 3491 430 3549 libris
454 3486 689 3551 disiunctaesse
713 3505 920 3570 cognoverunt
943 3506 973 3552 et
997 3489 1196 3576 ‘artemonem'
1221 3497 1410 3553 revocavere.

292 3580 328 3642 cf.
352 3582 493 3640 eximium
516 3583 600 3640 illum
625 3583 797 3659 Brousingii
825 3583 935 3642 librum
967 3586 1015 3641 cui
1038 3583 1224 3643 inscribitur:
1250 3583 1306 3639 Die
1330 3582 1411 3642 Nau·

292 3669 336 3728 tik
365 3670 417 3729 der
440 3671 532 3730 Alton
558 3691 587 3750 p.
614 3673 664 3733 79.
712 3671 845 3746 Quorum
874 3681 1052 3750 argumenta
1081 3675 1105 3730 si
1128 3680 1303 3747 repeterem,
1327 3672 1412 3748 ligna

291 3762 322 3817 in
345 3760 451 3818 silvam
479 3760 557 3820 ferre
585 3762 658 3819 mihi
686 3762 819 3842 viderer,
851 3764 1028 3841 praesertim
1052 3781 1119 3821 oum
1144 3761 1311 3821 Vollmerus
1335 3761 1367 3842 (1.
1392 3761 1411 3824 l.

291 3868 321 3927 p.
348 3851 403 3930 39)
428 3852 480 3930 qui
504 3851 663 3910 novissime
687 3849 724 3910 de
747 3851 892 3910 hocloco
917 3854 989 3929 egit,
1016 3850 1112 3910 eidem
1136 3853 1244 3909 rationi
1260 3851 1409 3912 institerit.

292 3940 395 3997 Restat
430 3950 529 4000 antem
562 3939 780 4000 emendandum
811 3953 973 4000 monstrum
1005 3940 1080 4000 illud
1113 3937 1231 4023 ‘loreas’
1264 3961 1318 4021 pro
1351 3959 1410 4018 quo

291 4027 506 4091 Schwartzius:
531 4029 675 4108 ‘liniresss
694 4031 879 4093 Vollmerus:
899 4025 1028 4114 ‘lembos‘
1049 4033 1208 4093 coniecere.
1243 4032 1412 4109 Utrumque

291 4120 477 4198 propositum
506 4132 539 4178 ut
566 4122 667 4179 sensui
695 4124 805 4200 optime
834 4123 981 4180 satielaoit
1004 4155 1047 4168 -
1071 4121 1128 4179 nisi
1156 4121 1232 4180 forte
1261 4121 1328 4199 quis
1352 4139 1412 4180 uon

292 4210 364 4268 artis
387 4209 440 4268 illa
462 4210 611 4272 vocabula
633 4209 728 4272 inisse
752 4209 962 4272 contendit-
978 4211 1020 4270 ita
1043 4209 1125 4270 haud
1147 4211 1207 4270 selo
1231 4231 1269 4270 an
1292 4210 1411 4287 longius

292 4357 502 4366 -Ἀ--ι-μ-

383 4425 405 4496 ¹)
423 4425 497 4480 Berl.
516 4423 609 4493 philol.
629 4423 727 4479 Wooh.
749 4424 819 4480 1894
837 4440 862 4495 p.
884 4425 963 4480 1514.
