3440 5096
716 449 931 508 ..73-

263 635 360 707 poeta
383 628 414 686 in
437 627 588 704 prooemio
611 627 673 687 suis
696 627 790 706 ipsius
820 625 934 686 viribus
966 627 1052 708 quasi
1082 624 1198 686 diffisus
1226 623 1297 686 deos
1328 624 1385 686 sibi

261 718 434 787 arcessita
463 716 573 797 quibus
602 715 739 776 adiuvari
770 716 849 797 vult,
881 725 994 778 ceteros
1022 715 1151 778 dimittit.
1198 716 1301 796 Atque
1328 715 1386 774 bac

262 808 437 867 occassione
461 809 488 866 ai
513 808 561 866 dei
585 808 636 886 qui
659 806 731 866 alibi
756 808 874 886 proprie
890 817 923 866 ut
939 819 1042 866 vatum
1058 807 1177 886 patroni
1192 808 1383 866 invocantur:

260 897 410 969 Bacchus,
439 896 558 975 Apollo,
588 897 751 956 Mercurius
783 916 849 956 cum
880 897 973 956 Musis
996 897 1093 956 feriati
1119 895 1203 956 abire
1226 895 1383 968 iubentur3

261 987 339 1046 alios
363 995 492 1066 poscunt
515 987 646 1044 carmina
663 994 778 1048 coatus:
803 986 934 1046 Naiadas
954 1006 1063 1066 nempe
1079 995 1109 1044 et
1124 986 1300 1047 Volcanum.
1339 986 1385 1043 De

261 1077 413 1136 Mercurio
436 1085 536 1135 autem
561 1096 589 1133 v.
615 1079 644 1137 4.
667 1075 742 1135 haec
766 1073 837 1135 dicit
860 1086 963 1155 poeta:

395 1245 429 1295 tu
452 1255 576 1315 quoque
599 1243 682 1294 muta
705 1236 797 1311 ferae,
823 1237 949 1298 volucer
972 1237 1096 1316 Tegeac
1119 1255 1242 1296 sonorae

344 1375 346 1380 .
393 1334 479 1402 terga
506 1345 632 1405 premas.

356 1468 392 1528 In
425 1468 536 1548 quibus
572 1469 672 1529 verbis
704 1472 819 1531 etiamsi
849 1472 934 1530 multi
964 1471 1023 1532 iam
1055 1472 1110 1529 viri
1141 1468 1220 1529 docti
1251 1467 1384 1538 haesere,

265 1567 368 1617 tamen
392 1577 495 1618 verum
520 1558 593 1618 mibi
616 1559 747 1620 nondum
763 1561 917 1620 inventum
943 1581 1007 1620 esse
1023 1560 1151 1621 videtur.
1187 1560 1289 1638 Atque
1313 1559 1387 1636 quin

263 1647 317 1706 illa
346 1668 435 1726 quam
465 1649 610 1726 exscripsi
638 1649 726 1708 lectio
755 1651 846 1709 suerit
874 1653 904 1709 in
928 1649 1129 1726 Sangallensi,
1155 1648 1301 1707 dubitatio
1325 1667 1386 1705 non
1460 1673 1464 1681 ’

264 1747 364 1817 potest
392 1739 546 1799 exsistere:
576 1759 629 1818 pro
659 1749 738 1798 certo
768 1739 823 1798 hoc
851 1742 998 1799 evincitur
1021 1753 1050 1798 et
1074 1757 1221 1797 consensu
1242 1736 1385 1797 librorum

264 1837 295 1886 et
318 1847 354 1885 eo
379 1825 459 1906 quod
483 1826 648 1886 Politianus
672 1829 703 1886 in
731 1828 866 1907 epistulis
890 1829 956 1904 (vl,
973 1831 1002 1905 1)
1026 1826 1103 1888 idam
1128 1828 1211 1904 legit.
1258 1826 1306 1886 Ab
1329 1826 1386 1884 hac

263 1918 358 1992 igitur
373 1918 500 1975 lectione
523 1935 588 1975 esse
603 1917 849 1996 proficiscendum
873 1938 960 1977 nemo
983 1917 1093 1976 infitias
1115 1917 1180 1978 ibit.
1217 1917 1381 1994 Propterea

263 2007 365 2064 statim
396 2005 435 2064 ab
466 2006 550 2064 initio
581 2006 764 2066 reiciendum
796 2017 841 2066 est
872 2015 903 2066 et
934 2006 1014 2086 quod
1045 2007 1077 2064 in
1100 2005 1223 2064 Domitii
1256 2005 1385 2063 editione

266 2104 379 2154 exstat:
415 2101 521 2180 (tuque
551 2096 687 2163 inimica
716 2099 805 2182 feras
836 2093 889 2164 eio'
923 2133 965 2141 —-
997 2114 1118 2175 prorsus
1148 2095 1204 2154 boo
1234 2093 1273 2152 ab
1297 2094 1386 2152 buius

267 2185 327 2243 loci
355 2187 502 2244 sententia
530 2184 671 2244 abhorret
698 2221 740 2230 —
770 2197 798 2245 et
826 2188 905 2266 quod
934 2185 1076 2245 Morellus
1104 2182 1174 2243 inde
1201 2184 1315 2244 elicuit:
1341 2189 1386 2264 ticc

268 2296 393 2356 quoque
409 2275 514 2341 amica
528 2277 617 2359 ferae
633 2270 697 2340 elo.²
716 2277 848 2353 eleganti
865 2275 984 2356 quidem
1002 2276 1171 2333 coniectura
1192 2292 1271 2352 quae
1287 2284 1386 2331 tamen

266 2365 352 2422 firmo
376 2362 570 2422 fundamento
595 2375 703 2428 careat.
752 2369 797 2424 Ac
825 2386 862 2424 ne
886 2363 1082 2425 Marklandus
1106 2361 1226 2442 quidem
1250 2358 1304 2441 qui
1329 2368 1385 2447 ttu-

265 2475 325 2535 que
355 2475 371 2518 o
399 2459 489 2519 mulo
516 2449 613 2538 ferae‘
644 2457 783 2528 coniecit,
821 2476 882 2516 rem
914 2455 990 2515 bene
1023 2453 1250 2514 administravit.
1303 2453 1385 2510 Men-

264 2543 334 2601 dum
373 2544 450 2601 enim
483 2544 642 2623 quaesivit,
686 2545 738 2604 ubi
769 2566 829 2604 non
860 2555 914 2617 est,
954 2545 1006 2603 ubi
1038 2553 1093 2623 est,
1134 2562 1194 2601 non
1227 2542 1384 2621 quaesivit.

264 2632 396 2691 Primum
421 2631 540 2711 quidam
565 2633 595 2691 id
619 2633 699 2714 quod
729 2643 809 2692 recte
826 2636 978 2714 perspexit
1001 2634 1150 2692 Henricus
1175 2631 1283 2692 Miiller
1308 2629 1338 2709 (l.
1363 2631 1385 2690 l.
1458 2697 1460 2702 ¹

264 2741 295 2800 p.
322 2725 362 2780 14
386 2717 468 2804 adn.)
493 2723 581 2796 plane
597 2726 777 2782 contrarium
794 2724 902 2782 dicitur
925 2726 988 2782 eius
1002 2721 1083 2802 quod
1100 2729 1207 2801 poetae
1230 2723 1261 2779 in
1285 2730 1384 2778 mente

266 2821 319 2872 est.
355 2810 513 2870 Premendi
537 2814 613 2870 enim
638 2812 730 2872 verbo
755 2832 833 2891 quae
856 2813 886 2871 h.
911 2814 930 2874 l.
953 2813 1023 2870 insit
1047 2815 1104 2884 vis,
1129 2811 1226 2871 elucet
1249 2829 1288 2868 ex
1311 2810 1383 2868 Pro·

264 2901 359 2979 portio
382 2899 414 2958 ΙΙ
433 2905 460 2978 l,
478 2901 531 2962 10:
554 2902 703 2981 mirator,
727 2903 840 2986 faciles
855 2908 892 2968 ot
903 2908 1031 2985 wemot
1046 2908 1115 2967 orto
1130 2922 1249 2967 monos
1266 2901 1386 2978 (nempe

267 2987 306 3046 ad
321 2986 442 3073 lyram).
478 2990 588 3068 Lyram
604 2991 696 3067 igitur
712 3011 846 3070 premere
871 3004 915 3050 est
931 2990 1008 3049 idem
1030 3000 1120 3064 atque
1136 2989 1245 3050 fidibus
1270 3007 1386 3053 canere,

266 3079 381 3138 'l'amen
405 3078 486 3158 quod
508 3080 654 3140 Miillerus
678 3082 872 3158 excogitavit:

479 3248 513 3297 tu
542 3262 645 3322 neque
667 3249 750 3300 muta
773 3241 854 3302 ferae
877 3275 921 3286 -
944 3249 1033 3318 terga
1056 3261 1173 3321 premas

267 3401 390 3459 minime
413 3398 533 3463 arridet.
580 3402 658 3460 Nam
681 3404 878 3482 perspicuitas
894 3404 1034 3462 orationis
1059 3401 1176 3463 deletur
1191 3401 1249 3461 hac
1272 3403 1387 3462 coniec-

267 3501 345 3564 tura,
363 3491 506 3569 quoniam
519 3492 613 3570 primo
626 3495 732 3551 obtutu
743 3494 848 3552 nesciri
862 3501 968 3567 potest,
982 3513 1112 3572 quonam
1126 3494 1246 3570 negatio
1260 3503 1387 3570 spectet;

268 3582 346 3639 sitne
370 3578 526 3639 referendo
549 3578 587 3638 ad
615 3579 794 3641 adiectivum
821 3576 920 3667 ‘muta'
947 3603 986 3641 an
1014 3582 1051 3642 ad
1076 3581 1207 3643 verbum.
1255 3581 1388 3640 Alteram

267 3670 461 3728 offensionem
486 3669 587 3747 tetigit
610 3669 777 3732 Guilelmus
794 3672 908 3731 Waller
932 3673 964 3750 (l.
982 3672 1001 3734 l.
1017 3693 1046 3751 p.
1067 3667 1132 3753 11).
1171 3667 1283 3754 ‘Mula'
1310 3673 1387 3730 enim

270 3760 361 3838 plane
384 3778 639 3838 supervacaneum
663 3780 728 3820 csse
755 3781 855 3841 neque
878 3771 948 3837 apto
976 3763 1118 3836 coniungi
1142 3781 1208 3820 cum
1235 3753 1385 3846 ‘sonorae'

267 3867 341 3908 voce
376 3859 458 3908 recte
494 3847 712 3913 animadvertit.
759 3850 874 3910 Tamen
908 3850 989 3911 illius
1025 3853 1197 3910 coniectura
1231 3851 1388 3910 violentior

267 3948 313 3996 cst
349 3957 439 4017 quam
476 3949 511 3998 ut
544 3938 664 4018 probari
695 3940 798 4018 possit.
856 3939 1015 4020 Proposuit
1048 3951 1148 4000 autem
1181 3941 1253 4000 booz
1283 3946 1389 4022 (ioque

266 4028 372 4096 invita
400 4027 482 4087 lurae
506 4021 571 4090 etu'
609 4028 733 4087 Accedit
760 4028 841 4109 quod
858 4030 983 4088 alterum
1000 4029 1139 4090 mendum
1163 4050 1222 4089 non
1239 4029 1386 4106 cognovit.

267 4115 392 4196 Optime
417 4138 486 4176 vero
507 4138 572 4178 meo
600 4116 710 4177 iudicio
726 4118 859 4197 procedit
882 4121 976 4179 oratio
1000 4122 1024 4178 si
1049 4114 1136 4201 1iccio'
1155 4120 1311 4179 scribimus
1334 4137 1388 4196 pro

272 4203 388 4293 ‘muta‘‚
407 4227 468 4285 quc
484 4209 649 4268 mutatione
665 4208 817 4267 lenissima
833 4229 933 4268 omnes
950 4229 1026 4288 quas
1041 4211 1099 4268 viri
1116 4208 1195 4270 docti
1210 4216 1389 4268 notaverunt

271 4296 452 4356 offensiones
468 4296 622 4360 tolluntur.
658 4296 770 4357 Sensus
785 4300 840 4358 erit
863 4299 925 4358 hic:
950 4309 983 4358 tu
999 4319 1128 4379 quoque,
1147 4299 1282 4370 llercuri,
1306 4305 1388 4356 tutus

266 4407 285 4445 a
309 4405 357 4446 me
380 4384 490 4445 fidibus
513 4406 611 4452 canas.
658 4387 727 4446 Non
758 4397 817 4450 tam
841 4387 970 4450 crudelis
998 4397 1044 4449 est
1066 4387 1179 4450 Statius
1206 4395 1386 4469 sequetem
