3440 5096
820 480 1038 540 ..48-

371 656 443 738 quid
477 667 548 718 tunc
583 668 648 718 erat
678 658 773 719 Pollio
807 678 858 717 cur
889 657 1076 737 superbiret?
1132 659 1363 723 Emendationes
1394 664 1487 741 igitur

369 745 512 810 cecidere.
546 748 675 809 Proinde
691 746 844 808 videamus
864 749 998 828 possitne
1013 761 1152 808 accurata
1168 753 1368 830 explicatione
1385 755 1488 814 melior

369 856 474 897 sensus
507 837 581 900 elici.
636 843 736 918 Atque
767 838 855 896 aliam
884 838 1159 919 interpretationem
1183 841 1332 903 Weberus
1363 845 1488 924 protulit

369 929 401 985 5¹¹
418 927 552 986 Dfibssflri
569 926 708 1000 editione·
734 929 785 1006 qui
809 926 882 986 illud
902 928 1025 1013 (plectri
1046 923 1160 994 errore'
1180 928 1217 989 de
1232 932 1356 992 iuvenili
1372 935 1487 1010 ingenii

368 1016 436 1076 lusu
467 1017 639 1097 explicavit,
669 1035 727 1097 quo
755 1037 809 1096 per
834 1019 931 1076 varias
955 1038 1001 1077 res
1025 1019 1139 1094 poetice
1162 1022 1350 1082 exornandas
1373 1023 1487 1083 Pollius

370 1115 534 1185 vagaretur
558 1117 587 1166 et
611 1115 732 1166 erraret.
768 1106 889 1166 Nullius
911 1109 999 1187 pretii
1014 1107 1090 1166 haee
1106 1126 1168 1166 esse
1185 1109 1272 1168 facile
1289 1115 1487 1189 cognoscitur.
1540 1101 1544 1108 Δ

367 1196 444 1255 Nam
478 1195 590 1255 Pollius
621 1215 681 1254 non
711 1196 829 1256 invenis
861 1208 990 1276 tantum,
1024 1216 1127 1256 verum
1159 1197 1248 1255 eliam
1277 1219 1369 1260 senex
1393 1204 1487 1262 Musis

368 1287 496 1349 vaeavit.
543 1287 579 1347 cf.
603 1299 639 1347 'v.
667 1287 738 1344 112.
785 1284 839 1344 Sat
865 1285 1012 1345 infelicem
1041 1287 1219 1345 sententiam
1241 1285 1335 1347 Statio
1363 1291 1489 1369 imponit

369 1375 429 1435 ille.
476 1373 585 1434 Omnes
609 1382 709 1432 autern
731 1376 789 1432 viri
813 1373 891 1434 docti
915 1377 967 1453 qui
991 1374 1027 1433 de
1051 1375 1193 1434 hocloco
1217 1379 1394 1435 sententiam
1419 1400 1487 1453 pro·

367 1465 555 1544 nuntiavere,
589 1465 620 1522 in
649 1483 684 1520 eo
708 1463 779 1521 mibi
810 1463 948 1522 videntur
980 1483 1105 1533 errasse,
1130 1462 1211 1543 quod
1238 1463 1311 1522 illud
1341 1465 1487 1543 plectrum

367 1553 456 1611 Pollii
480 1571 545 1611 esse
569 1553 823 1612 existimaverunt.
857 1550 914 1611 Sed
939 1571 1017 1630 quae
1041 1572 1130 1611 causa
1146 1561 1211 1612 erat
1227 1553 1322 1611 Pollio
1339 1553 1486 1612 canendi?

371 1643 420 1700 An
443 1643 507 1723 ipse
530 1661 583 1700 sua
608 1662 679 1720 ergo
695 1641 874 1700 Puteolanos
896 1649 926 1700 et
941 1640 1156 1722 Neapolitanos
1172 1641 1317 1702 beneficia
1334 1640 1486 1702 celebrans

366 1729 650 1790 circumferebatur?
704 1733 842 1810 Ineptum
870 1730 927 1789 hoc
960 1750 1024 1791 esse
1054 1733 1085 1790 in
1118 1732 1276 1812 propatulo
1300 1741 1352 1792 est.
1398 1733 1440 1791 At
1461 1732 1486 1791 si

370 1821 491 1900 utrique
516 1821 630 1879 civitati
653 1821 764 1895 pariter
786 1821 890 1898 largus
913 1821 979 1900 fuit,
1005 1819 1077 1901 quid
1100 1823 1207 1881 mirum
1232 1823 1257 1880 si
1276 1823 1341 1901 ipse
1356 1821 1486 1881 celebra-

347 1910 456 1974 batur
479 1913 610 1969 carmine
633 1908 795 1970 honorifico
816 1931 833 1969 a
851 1911 977 1973 civibus.
1018 1912 1105 1970 Tunc
1129 1913 1233 1971 merito
1250 1922 1314 1970 erat
1329 1912 1486 1991 superbus,

367 2011 439 2059 tunc
470 2002 575 2059 merito
607 2001 740 2059 iuvenile
771 2001 895 2060 calebat.
949 2003 1050 2080 Atque
1085 1996 1208 2083 ‘errore'
1243 2021 1309 2060 eum
1338 2000 1488 2060 Gronovio

369 2089 632 2169 interpretabimur
644 2092 698 2149 vel·
710 2089 815 2149 melius
832 2092 922 2149 etiam
939 2109 1005 2149 curn
1022 2090 1162 2164 Webero‚
1180 2089 1267 2151 modo
1283 2111 1321 2150 ue
1337 2089 1489 2169 adipsum

368 2179 497 2239 Pollium
524 2179 697 2242 referamne.
749 2180 803 2238 Est
833 2201 906 2238 sane
934 2178 1083 2258 quaedam
1113 2180 1365 2260 breviloquentia,
1398 2181 1490 2238 nimia

369 2265 505 2331 fortasse.
552 2268 611 2329 Sed
635 2279 669 2328 ut
691 2288 913 2350 nonnumquam
937 2270 1005 2328 fusa
1028 2280 1119 2348 atque
1144 2270 1243 2349 ampla
1259 2270 1380 2346 profluit
1395 2270 1489 2328 oratio

370 2357 477 2430 Statio,
501 2360 543 2418 sie
566 2357 647 2417 haud
671 2378 739 2418 raro
763 2356 922 2418 admodum
946 2369 1011 2417 arto
1035 2370 1064 2417 et
1087 2369 1237 2418 contracto
1261 2377 1373 2438 genere
1395 2360 1490 2418 utitur

369 2446 497 2509 dicendi.
533 2447 583 2508 Sic
606 2447 723 2508 demum
747 2450 852 2527 opinor
868 2457 970 2524 aptum
986 2467 1104 2508 sensum
1121 2446 1277 2521 habemus,
1301 2451 1343 2508 sic
1359 2467 1490 2508 conexus
1507 2499 1510 2506 .

367 2550 413 2598 est
435 2557 502 2597 cum
525 2539 730 2617 sequentibus.

459 2633 530 2689 138.
554 2635 588 2694 ot
617 2649 708 2696 auec
730 2627 875 2694 decusso
897 2649 1008 2694 rerum
1040 2627 1177 2712 calipius
1200 2649 1311 2694 oerum
1333 2628 1488 2712 adspicis:

368 2719 426 2776 iam
458 2738 517 2777 non
548 2717 680 2776 iuvenile
711 2717 789 2776 calet
811 2717 925 2778 Polline
953 2736 1052 2796 neque
1079 2718 1185 2796 plectri
1213 2736 1313 2776 errore
1340 2717 1488 2796 superbus

369 2818 426 2866 est:
458 2813 526 2866 n'am
556 2805 593 2865 ad
622 2806 697 2866 haec
726 2815 842 2889 spectat
869 2807 922 2866 illa
946 2807 1052 2885 caligo.
1099 2805 1270 2867 Gronovius
1291 2805 1395 2890 (diatr.
1419 2806 1434 2865 I
1457 2827 1486 2884 p.

371 2895 445 2973 190)
481 2897 540 2955 leni
575 2897 757 2956 correctione
794 2917 869 2977 opus
905 2917 971 2957 esse
1000 2907 1084 2957 ratus
1119 2891 1244 2982 ‘verum'
1279 2897 1403 2955 coniecit
1435 2915 1488 2975 pro

371 2981 509 3071 (rerum'.
545 2985 632 3061 Quod
655 3007 694 3046 ne
717 2987 897 3066 accipiamus
920 2984 1002 3046 haud
1025 2990 1086 3046 scio
1111 3008 1150 3046 an
1172 2986 1316 3066 impediat
1330 2986 1489 3046 verborum

368 3076 534 3134 collocatio.
580 3079 683 3156 Atque
713 3077 814 3136 multis
844 3078 989 3157 exemplis
1018 3077 1118 3136 allatis
1141 3074 1338 3136 Marklandus
1370 3073 1488 3136 demon·

368 3166 475 3225 stravit
497 3184 599 3225 vocem
626 3163 752 3250 ‘rerum'
778 3165 858 3224 haud
882 3186 948 3226 raro
972 3165 1135 3229 abundare.

463 3259 534 3317 139.
559 3256 614 3321 illo
637 3256 698 3321 olii
720 3277 837 3322 russeus
853 3257 1014 3322 iactamur
1036 3257 1075 3323 iu
1097 3257 1177 3323 allo:
1200 3276 1254 3334 pro
1279 3275 1312 3316 eo
1334 3253 1415 3335 quod
1431 3265 1489 3314 tra-

374 3343 468 3404 ditum
501 3354 559 3404 est:
592 3348 759 3412 iactantur
781 3345 921 3407 Barthius
950 3344 1139 3405 scribendum
1169 3348 1284 3406 censuit
1310 3339 1486 3431 ¹iactentur'

370 3435 537 3514 habuitque
568 3437 780 3494 assentientem
809 3433 1029 3497 Marklandum.
1091 3436 1205 3496 Tamen
1241 3455 1296 3516 pro
1334 3435 1489 3516 explorato

370 3523 467 3583 habeo
490 3525 619 3584 Statium
643 3526 809 3604 scripsisse:
834 3527 1009 3605 iactamur,
1040 3544 1119 3605 quae
1147 3527 1317 3586 coniectura
1344 3526 1382 3584 ab
1405 3525 1490 3584 Italis

371 3622 401 3673 et
435 3613 474 3672 ab
505 3614 629 3673 Heinsio
662 3614 780 3694 prolata
814 3625 844 3673 et
874 3615 968 3673 lenior
1000 3626 1044 3674 est
1074 3635 1165 3694 quam
1196 3614 1311 3676 Barthii
1341 3624 1372 3673 et
1402 3616 1489 3673 unice

370 3701 513 3782 quadrat:
539 3705 574 3766 cf.
596 3707 671 3765 142:
695 3707 726 3762 in
749 3710 878 3785 nostras
901 3705 1055 3784 procellas.
1078 3726 1109 3766 v.
1129 3708 1206 3764 129:
1230 3727 1290 3771 nos
1306 3703 1374 3762 vilis
1390 3704 1488 3763 turba.

462 3797 534 3858 140.
559 3800 588 3860 et
609 3800 667 3860 tuo
690 3815 817 3860 securos
839 3801 950 3878 portua
966 3794 1189 3878 placidumque
1205 3796 1340 3878 quietem
1354 3794 1491 3860 introvit

371 3904 439 3950 non
462 3904 579 3966 quassa
594 3885 693 3950 ratis:
708 3905 726 3942 a
742 3882 887 3961 languida
902 3884 1045 3944 Italorum
1064 3887 1242 3955 coniectura,
1263 3878 1488 3967 ‘blandamque'

372 3974 501 4032 Statium
533 3974 604 4032 lieet
634 3972 794 4033 defendere
819 3973 939 4033 collatis
970 3973 1064 4052 Verg.
1096 3977 1171 4034 Aen.
1204 3975 1219 4033 1
1243 3977 1317 4034 691.
1341 3971 1398 4035 Ov.
1423 3983 1490 4034 met.
1562 4031 1565 4038 Δ

372 4062 419 4121 IX
443 4066 515 4124 469.
546 4063 614 4123 fast.
643 4062 659 4121 1
687 4065 750 4124 205
781 4064 819 4125 al.

463 4155 536 4218 142.
565 4154 603 4220 ia
637 4159 766 4220 uestros
800 4153 923 4219 dimitte
960 4153 1130 4236 procellas:
1167 4152 1334 4212 dimittendi
1366 4154 1489 4213 verbum

372 4243 483 4322 optime
521 4262 552 4302 se
583 4242 695 4302 babere
725 4242 940 4302 demonstravit
970 4241 1180 4322 Marklandus;
1218 4241 1376 4304 dimittitur
1411 4243 1489 4301 enim

372 4334 459 4391 navis
482 4351 520 4391 ex
543 4341 632 4413 portu
661 4334 693 4392 in
723 4332 816 4393 altum
843 4352 935 4405 mare,
968 4330 1134 4391 demittitur
1158 4341 1277 4392 eterra
1308 4334 1340 4393 in
1370 4351 1487 4412 aquam.

372 4422 513 4484 Politiani
544 4423 637 4502 igitur
661 4424 832 4483 coniectura
864 4416 1006 4508 ‘demitto‘
1039 4423 1139 4482 aliena
1170 4434 1214 4484 est
1249 4423 1287 4484 ab
1321 4424 1410 4484 huius
1433 4420 1490 4480 loci
