3440 5096
681 464 899 524 ...551-

231 643 263 704 in
288 642 425 704 orientali
438 643 535 705 latere
557 642 615 704 lori
629 644 756 705 Romani
779 663 832 723 pro
856 643 959 703 rostris
983 641 1137 704 Caesareis
1158 653 1349 706 exstructam.

233 731 473 794 Saudstroemins
496 734 531 813 (l,
554 734 574 799 l.
599 756 629 814 p.
655 736 687 811 3)
720 734 773 814 qui
803 753 869 793 cum
896 735 1009 818 ‘fessus
1036 728 1120 800 bello'
1154 733 1192 794 de
1223 733 1351 796 Caesare

233 842 344 884 uorum
376 822 497 896 bellum,
528 823 641 883 scilicet
672 823 856 897 Parthicum,
887 823 1027 883 moliente
1059 821 1117 883 dici
1146 843 1209 883 non
1239 834 1349 904 posset,

235 914 334 998 (matta
352 907 490 998 populis’
517 913 652 986 coniecit,
677 914 796 972 minime
819 912 892 972 mihi
916 914 1072 993 persuasit,
1119 913 1222 973 Voluit
1248 925 1349 973 autem

231 1002 369 1079 intellegi
384 1023 469 1062 suam
493 1006 694 1062 coniecturam
719 1002 756 1062 de
772 1001 872 1062 sidere
888 1002 973 1066 Iulio.
982 1003 1005 1080 ¹)
1036 1004 1077 1061 Ar
1099 1004 1217 1062 etiamsi
1238 1001 1350 1064 Caesar

232 1091 270 1152 de
293 1111 370 1151 novo
394 1091 474 1151 bello
498 1093 650 1171 cogitavit,
675 1102 775 1152 tamen
792 1093 817 1150 si
843 1095 956 1177 fessus
978 1086 1073 1159 bellis'
1097 1091 1213 1165 dicitur,
1238 1094 1351 1173 optime

231 1183 262 1240 in
293 1181 377 1241 caelo
409 1201 446 1241 ex
479 1182 634 1242 laboribus
665 1183 875 1262 conquiescere
906 1181 1040 1259 fingitur.
1086 1181 1259 1262 Sequuntur
1291 1183 1350 1240 iam

231 1291 336 1331 versus
364 1271 474 1350 quibus
502 1273 688 1352 imperatoris
719 1270 896 1330 describitur
924 1271 1027 1330 vultus
1054 1307 1098 1316 —
1129 1292 1198 1330 nam
1230 1271 1349 1330 minime

231 1359 414 1420 audiendum
450 1381 515 1421 esse
549 1361 803 1422 Sandstroemium
837 1361 889 1440 qui
919 1383 944 1445 te
970 1357 1073 1427 titulo'
1103 1362 1236 1435 coniecit,
1268 1358 1350 1440 qnod

232 1450 324 1510 etiam
353 1448 455 1510 Ottoni
480 1451 614 1511 Mulloro
646 1452 679 1529 (l.
710 1452 730 1514 l.
762 1472 790 1531 p.
828 1446 883 1532 10)
918 1449 1000 1510 haud
1035 1449 1197 1530 displicuit,
1232 1452 1349 1530 optimis

232 1539 449 1599 demonstravit
472 1541 657 1618 argumentis
681 1540 824 1619 Stangius
846 1540 878 1620 (l.
893 1540 913 1603 l.
929 1560 959 1619 p.
978 1535 1027 1622 7):
1044 1575 1085 1585 —
1103 1539 1297 1600 Clementiam
1321 1548 1351 1599 et

231 1630 387 1688 lenitatem
411 1629 513 1690 vultus
537 1629 641 1690 laudat
665 1640 762 1710 poeta.
810 1630 896 1704 Quae
921 1630 1013 1688 verba
1041 1630 1162 1689 minime
1189 1628 1351 1689 cohaerent

232 1739 299 1778 cum
324 1717 584 1794 antecedentibus3
607 1720 752 1800 imprimis
768 1717 842 1778 illud
861 1725 1028 1804 (quantum
1051 1726 1087 1785 itt
1110 1720 1220 1786 mitior
1237 1713 1347 1786 armis‘

231 1829 294 1868 non
316 1808 510 1886 intellegitur,
536 1811 561 1868 si
578 1808 712 1870 Caesaris
728 1810 907 1898 mentionem
923 1807 1124 1887 subsequitur.
1156 1810 1257 1893 'Atque
1272 1809 1350 1868 hanc

232 1897 425 1958 offensionem
449 1898 538 1958 velim
562 1906 656 1962 notes.

235 2021 238 2026 ·
322 1986 448 2048 Accedit
470 1997 571 2049 antem
594 1987 695 2048 altera¹
717 1987 812 2048 multo
839 1987 968 2066 gravior.
1000 1986 1122 2064 .Pergit
1153 1987 1231 2047 enim
1260 1996 1350 2067 poeta

230 2098 263 2138 v.
287 2082 345 2138 29:

321 2173 356 2234 ot
379 2167 515 2234 lateram
534 2190 652 2253 possets
674 2191 735 2252 eqo.

322 2256 490 2316 Nemodum
514 2257 677 2335 explicavit
700 2257 773 2316 illud
797 2254 847 2343 ‘at’
870 2276 969 2336 neque
984 2264 1083 2336 potest
1098 2255 1251 2336 explicari.
1290 2256 1348 2314 La-

235 2357 331 2407 terum
355 2348 432 2407 enim
456 2345 626 2430 descriptio,
650 2349 678 2406 ei
703 2345 783 2426 quod
807 2367 825 2406 a
847 2347 945 2406 fronte
968 2356 1014 2405 est
1036 2346 1201 2407 necessario
1229 2347 1350 2425 opponi·

233 2445 292 2510 tur,
317 2456 377 2495 non
399 2437 501 2496 vultus
524 2435 754 2498 mansuetudini.
802 2437 884 2495 Fieri
905 2437 999 2513 igitur
1022 2456 1082 2497 non
1105 2445 1204 2514 potest
1223 2436 1297 2515 quin
1317 2457 1347 2498 v.

235 2527 276 2586 29
301 2527 432 2605 excipiat
455 2546 573 2586 versum
599 2529 651 2592 24.
690 2525 769 2602 Quid
793 2546 866 2604 crgo
890 2524 1055 2584 faciamus?
1094 2523 1260 2584 Delendine
1281 2535 1351 2584 sunt

234 2635 338 2677 vorsus
369 2612 439 2676 inde
469 2637 487 2674 a
519 2617 660 2677 vicesimo
692 2617 796 2695 quinto
827 2615 865 2675 ad
897 2616 1070 2675 vicesimum
1101 2611 1283 2674 octavum?¹
1311 2616 1361 2676 At,

235 2713 317 2764 certa
340 2706 568 2782 interpolatricis
592 2726 696 2767 manus
728 2706 855 2783 vestigia
883 2706 914 2764 iu
938 2704 1021 2765 silvis
1045 2702 1176 2765 nondum
1199 2703 1352 2785 patefacta

235 2803 312 2858 sunt.
357 2794 467 2875 Neque
489 2794 544 2855 illa
570 2797 664 2856 verba
692 2794 934 2874 interpolatorem
957 2791 1101 2856 redolent.
1149 2793 1228 2854 Sane
1253 2793 1291 2852 ab
1316 2813 1350 2853 eo

234 2885 310 2960 loco,
335 2884 387 2944 ubi
409 2887 441 2943 in
464 2885 548 2945 libris
564 2885 707 2964 leguntur
724 2903 778 2943 neo
794 2903 854 2944 non
869 2884 901 2942 in
917 2881 1109 2961 editionibus,
1127 2884 1218 2942 alieni
1233 2891 1304 2942 sunt
1319 2882 1352 2942 hi

234 2993 355 3049 versus,
384 2995 488 3035 verum
512 2983 611 3034 tamen
634 2995 694 3033 non
717 2970 844 3033 eiciendi
868 2971 920 3032 sed
944 2971 1100 3032 traiciendi
1124 2981 1203 3034 sunt.
1251 2974 1353 3051 Atque

235 3065 400 3124 necessario
423 3085 490 3125 mea
514 3063 635 3145 quidem
659 3065 810 3124 sententia
834 3072 926 3122 totum
949 3062 1047 3122 locum
1070 3064 1102 3122 in
1122 3062 1202 3123 hunc
1218 3051 1351 3121 ordinem

235 3151 415 3231 redigemus,
451 3164 484 3214 ut
519 3175 549 3214 v.
583 3156 728 3215 25-28.
744 3153 958 3213 intercalentur
992 3154 1070 3212 inter
1105 3173 1133 3215 v.
1163 3155 1204 3211 '21
1239 3160 1269 3210 et
1301 3154 1352 3214 22.

235 3243 322 3303 Tunc
353 3241 470 3304 demum
501 3242 576 3304 illud
610 3249 778 3330 ‘quantum
808 3249 844 3310 tu
875 3243 986 3310 mitior
1016 3239 1126 3309 armis'
1152 3261 1236 3301 suam
1260 3239 1353 3299 habet

235 3335 310 3407 vim,
343 3352 411 3392 nam
443 3332 594 3394 antecedit
618 3334 688 3414 equi
715 3333 900 3412 imperatoris
932 3352 999 3392 cum
1022 3333 1127 3391 Martis
1157 3331 1350 3409 comparatio.

237 3422 324 3482 Tunc
346 3421 465 3482 demum
495 3423 552 3482 loci
584 3422 742 3503 descriptio
774 3423 850 3483 bene
881 3420 1088 3502 progreditur,
1121 3433 1191 3480 tunc
1222 3418 1353 3498 denique

236 3513 423 3588 cognoscitur
447 3514 499 3592 qui
522 3514 621 3572 exitus
645 3533 749 3574 versus
772 3510 1013 3572 duodetricesimi
1032 3509 1107 3570 adeo
1129 3510 1259 3591 potnerit
1275 3529 1353 3568 com·

234 3603 341 3681 rumpi.
387 3601 465 3663 Nam
489 3613 658 3681 corruptam
681 3622 748 3662 csse
770 3622 873 3662 vocem
897 3595 1028 3686 ,aasrrts‘
1048 3600 1119 3658 mihi
1143 3618 1263 3679 quoque
1287 3619 1353 3678 per·

236 3711 355 3751 suasum
379 3701 432 3755 est.
477 3691 586 3772 Neque
609 3692 672 3752 ullo
696 3701 784 3772 pacto
809 3691 930 3771 probari
950 3699 1049 3769 potest
1064 3691 1144 3769 quod
1160 3708 1255 3768 nuper
1271 3689 1352 3747 Mac-

236 3781 408 3859 naghtenus
431 3781 464 3862 (l.
487 3781 508 3842 l.
533 3803 563 3861 p.
591 3783 667 3860 129)
699 3779 837 3842 traditam
865 3780 1023 3840 lectionem
1052 3779 1203 3854 explicare
1231 3788 1354 3837 conatus

237 3879 290 3934 est.
335 3870 449 3950 Magna
474 3873 552 3932 enim
576 3870 684 3930 initiali
707 3870 773 3930 vult
795 3870 885 3930 scribi
903 3865 1045 3953 ‘Castris'
1063 3878 1155 3947 atque
1179 3867 1354 3943 intellegere

236 3959 376 4020 iubemur
398 3960 504 4021 Castra
520 3960 654 4022 Cornelia
678 3980 771 4040 prope
787 3959 907 4020 Uticam
931 3961 996 4022 sita.
1041 3957 1142 4033 Quare
1165 3956 1238 4036 quid
1261 3957 1355 4015 lucre·

237 4071 303 4110 mur
335 4069 392 4128 ego
423 4050 543 4129 quidem
574 4069 633 4110 non
665 4048 762 4111 video.
814 4048 941 4109 Statium
972 4047 1151 4127 aequalibus
1183 4047 1356 4122 aenigmata

238 4160 299 4200 non
321 4141 513 4221 proposuisse
535 4148 675 4221 apparet;
701 4140 758 4199 nisi
782 4139 849 4219 quis
871 4138 948 4198 forte
972 4158 1038 4197 cum
1061 4135 1183 4196 scholiis
1205 4135 1355 4217 poematia

240 4426 253 4477 l
320 4349 403 4480 ipos.
423 4348 627 4417 Gardthausen,
646 4349 791 4423 Angustus
810 4349 867 4405 und
886 4347 961 4403 eeine
981 4347 1043 4406 Zeit
1070 4348 1148 4406 1891.
1171 4347 1185 4400 Ι
1208 4362 1234 4413 p.
1260 4344 1296 4399 54
1318 4344 1356 4416 ΙΙ,

273 4441 299 4494 p.
1162 4456 1166 4472 ,
