3440 5096
837 478 1053 538 ...34-

387 655 430 713 sic
453 655 594 716 correxit:
631 651 787 737 ‘quidquid
816 656 847 714 in
875 663 1000 734 argento
1028 656 1156 736 primum
1180 657 1229 718 vel
1252 658 1284 720 in
1307 679 1376 720 aere
1398 660 1505 719 minori

387 743 457 803 lusit
488 755 519 804 et
548 746 665 822 ingenti
689 764 793 821 manus
818 753 863 804 est
893 756 1019 826 experta
1046 745 1182 808 colosso'.
1230 748 1331 828 Atque
1355 759 1417 810 tota
1440 769 1506 809 sen·

387 835 481 893 tentia
505 853 595 914 quam
626 836 752 895 maxime
783 833 821 892 ad
852 833 939 894 Statii
971 856 1066 914 genus
1092 835 1210 896 dicendi
1227 838 1363 916 quadrat.
1399 839 1505 900 Limon

386 925 508 1001 angitur
531 923 649 984 domino
673 924 837 984 recubante
860 926 891 984 in
914 925 1096 987 Surrentinis
1125 929 1282 1005 praetoriis
1310 939 1341 987 et
1364 947 1431 988 cum
1454 927 1504 988 de·

385 1012 493 1073 siderio
518 1023 601 1073 trans
625 1033 706 1072 mare
730 1014 872 1093 prospicit
895 1016 980 1095 quasi
1003 1015 1178 1076 Surrentino
1206 1015 1330 1094 praedio
1354 1017 1504 1079 dominum

385 1103 529 1165 invideat.
577 1101 723 1183 Compara
747 1103 924 1164 simillimam
941 1106 1118 1164 sententiam
1141 1104 1158 1162 I
1182 1107 1210 1178 3,
1235 1109 1267 1168 4:
1293 1109 1505 1187 ‘certantisque

386 1192 443 1251 sibi
467 1193 618 1252 dominum
642 1190 804 1254 defendere
816 1192 922 1253 villas’.
943 1229 980 1238 —
999 1194 1138 1254 Formam
1155 1202 1255 1253 autem
1280 1195 1406 1272 ‘Limon’
1423 1208 1505 1258 recte

344 1331 350 1344 .
387 1283 533 1342 Domitius
558 1283 712 1341 revocavit
736 1283 771 1344 cl.
797 1284 983 1360 1111‚149,
1007 1285 1039 1342 in
1062 1282 1145 1341 libris
1170 1284 1248 1341 enirn
1272 1295 1428 1345 exaratum
1445 1298 1503 1350 est:

385 1372 477 1430 limen
500 1372 527 1436 h.
545 1392 571 1436 e.
589 1372 781 1434 limem-limo.
808 1373 861 1432 llst
877 1371 994 1432 Graeca
1010 1391 1070 1432 vox
1091 1369 1229 1443 Λειμώνε
1254 1392 1364 1432 nornen
1388 1375 1503 1453 praedii

385 1460 512 1521 alicuius
537 1460 625 1521 Pollii
649 1464 757 1544 nostri3
782 1462 820 1522 cl.
844 1460 955 1520 Belocb
978 1461 997 1522 l·.
1021 1460 1041 1520 l.
1065 1481 1095 1540 p.
1122 1463 1172 1522 83.
1219 1461 1338 1521 Abhinc
1363 1473 1502 1543 quatuor·

386 1551 479 1610 decim
503 1551 567 1610 sere
595 1571 689 1610 annos
711 1553 791 1610 intra
813 1550 972 1629 Neapolim
1000 1561 1030 1610 et
1052 1549 1193 1610 Puteolos
1223 1551 1328 1612 titulus
1352 1555 1501 1631 apparuit,

384 1641 414 1698 in
446 1659 504 1720 quo
535 1641 624 1700 huius
654 1641 745 1700 villae
775 1641 884 1698 mentio
912 1639 945 1698 fit
954 1636 989 1721 1).
1041 1637 1294 1700 Commemoratur
1324 1641 1403 1700 enim
1426 1638 1502 1702 villo

384 1726 482 1791 Pollii
511 1727 629 1792 Felicis
660 1747 738 1809 qnae
768 1731 814 1791 cst
845 1726 1042 1808 epilimorses,
1078 1749 1168 1809 quam
1203 1749 1304 1790 vocem
1339 1731 1503 1790 rectissime

384 1819 584 1880 Mommsenus
608 1818 644 1880 ad
662 1821 787 1878 Limona
810 1820 935 1880 rettulit.
975 1818 1097 1880 Ciroiter
1121 1820 1228 1897 viginti
1252 1820 1386 1900 quinque
1410 1840 1502 1880 annos

385 1919 454 1969 ante
484 1909 572 1968 Statii
605 1929 723 1968 carmen
753 1908 883 1988 lapidem
914 1909 998 1968 illum
1030 1910 1174 1989 scriptum
1206 1929 1269 1970 esse
1303 1909 1355 1969 ille
1386 1911 1500 1972 statuit.

384 1997 473 2060 Unde
505 1999 649 2059 conclusit
679 1998 806 2058 tortasse
840 1999 929 2058 Pollii
959 1999 1052 2078 putris
1084 1997 1186 2058 villam
1222 1998 1288 2060 dici.
1345 1998 1405 2058 Sed
1436 2018 1502 2058 cum

384 2108 476 2148 senex
499 2087 589 2148 fuerit
611 2088 724 2148 Pollius
753 2107 788 2146 eo
813 2097 947 2168 tempore
971 2107 1030 2167 quo
1054 2089 1166 2148 Statius
1194 2088 1272 2147 banc
1295 2087 1430 2166 eclogam
1453 2107 1504 2168 pe-

364 2169 473 2258 'pigit,
497 2177 577 2237 haud
607 2179 667 2238 scio
698 2197 736 2238 an
761 2176 799 2236 ad
829 2179 926 2257 ipsum
957 2187 1091 2236 nostrum
1115 2176 1244 2237 Pollium
1275 2179 1370 2257 possit
1399 2176 1504 2238 referri

384 2269 436 2327 ille
466 2268 580 2330 titulus.
614 2268 651 2329 cf.
676 2287 703 2327 v.
739 2269 800 2328 133
833 2286 878 2345 sq.
910 2266 1012 2326 —In
1043 2266 1136 2326 verbo
1167 2266 1323 2346 spectandi
1353 2269 1504 2328 intensiva

385 2357 465 2416 notio
495 2359 573 2418 inest
601 2357 679 2416 sicut
707 2357 738 2415 in
765 2355 857 2420 verbo
887 2355 1144 2436 circumspiciendi
1168 2356 1182 2414 I
1207 2361 1236 2429 3,
1256 2360 1306 2420 33.
1334 2356 1371 2418 cf.
1397 2356 1503 2418 Miille·

385 2466 450 2506 rum
473 2446 491 2506 l.
515 2447 535 2506 l.

374 2559 375 2564 ¹
476 2537 526 2597 83.
551 2555 617 2598 ooo
641 2539 746 2598 tomen
760 2534 881 2598 conctis
893 2533 1004 2616 procul
1023 2533 1135 2600 eminet
1150 2553 1216 2596 suo
1232 2533 1361 2598 diaetis:
1378 2536 1503 2596 multum

386 2646 495 2707 operae
517 2628 547 2686 in
572 2627 627 2685 hoc
650 2645 741 2686 versu
764 2628 820 2684 viri
844 2625 922 2686 docti
939 2624 1143 2705 perdiderunt,
1169 2645 1237 2684 cum
1253 2644 1328 2684 sana
1344 2624 1503 2684 studerunt

386 2731 552 2776 emendare.
600 2716 735 2776 Haesere
765 2726 866 2775 autem
888 2715 1024 2794 plerique
1052 2717 1082 2773 in
1110 2715 1269 2774 iteratione
1292 2715 1375 2774 vocis
1407 2713 1501 2794 μοι’,

385 2808 417 2865 in
449 2826 509 2886 qna
539 2805 623 2865 nulla
653 2825 725 2864 vera
756 2805 878 2865 offensio
909 2807 1006 2886 posita
1033 2815 1087 2864 est.
1134 2803 1243 2884 Neque
1271 2805 1348 2864 enim
1377 2815 1422 2862 est
1450 2823 1502 2862 cur

385 2914 559 2975 spernamus
582 2895 709 2972 figuram
733 2895 815 2954 illam
839 2895 1020 2976 anaphoras,
1046 2913 1107 2974 qua
1119 2893 1235 2975 aliquid
1258 2891 1450 2973 praedicatur
1473 2903 1502 2952 et

386 2983 603 3064 quodammodo
628 2985 769 3044 eximitur
785 3005 824 3044 ex
839 2995 937 3044 cetera
953 2985 1186 3045 enumerationis
1202 2985 1288 3044 serie.
1329 2988 1430 3062 Atque
1447 2983 1502 3042 hoc
1551 2981 1557 2992 ’

386 3075 510 3135 artificio
541 3073 676 3134 vividum
709 3075 839 3154 aliquem
871 3089 902 3132 et
933 3075 1061 3134 alacrem
1094 3073 1222 3134 colorem
1253 3075 1380 3132 sermoni
1410 3085 1503 3152 poeta

386 3165 452 3224 aliis
476 3185 597 3246 quoque
621 3164 692 3224 locis
716 3164 807 3236 dedit,
832 3183 944 3242 exque
961 3184 1084 3225 numero
1101 3164 1352 3242 hoscepromam:
1376 3162 1407 3224 ll
1425 3166 1453 3242 6,
1470 3165 1502 3223 8:
1551 3189 1554 3196 ·

384 3253 541 3340 famulum
565 3255 720 3335 (quoniam
743 3273 840 3313 rerum
864 3255 963 3312 omnia
979 3273 1069 3314 caeca
1085 3255 1128 3314 sic
1144 3255 1247 3312 miscet
1262 3252 1396 3314 Fortuna
1412 3271 1503 3312 manu

385 3365 441 3404 nac
478 3355 600 3425 pectora
636 3344 744 3426 novit),
776 3341 828 3402 sed
853 3341 1012 3423 famulum
1041 3343 1137 3422 gemis
1169 3351 1225 3405 etc.
1257 3342 1296 3403 ib.
1333 3349 1372 3402 13
1403 3361 1447 3421 sq.
1460 3337 1502 3425 ²):

386 3433 510 3514 deisque
533 3437 558 3494 si
582 3445 641 3493 tam
666 3431 741 3492 dura
763 3433 893 3513 placent,
918 3430 1073 3500 bominem
1099 3435 1195 3511 gemis
1225 3430 1267 3518 (ei
1290 3432 1376 3492 mihil
1406 3431 1503 3490 subdo

385 3525 449 3603 ipse
479 3524 573 3603 faces)
604 3521 757 3586 homiuem
781 3535 835 3584 etc.
868 3522 914 3582 Ill
939 3528 968 3597 5,
995 3527 1035 3584 22
1060 3541 1116 3602 sq:
1152 3525 1261 3583 etenim
1293 3525 1349 3583 tuo
1381 3517 1503 3602 (nempe

385 3613 517 3690 benigna
540 3633 631 3693 quarn
655 3612 727 3672 mihi
750 3621 829 3673 sorte
846 3613 949 3673 Venus
964 3614 1096 3674 iunctam
1112 3612 1287 3674 florentibus
1303 3613 1389 3670 annis
1404 3623 1503 3672 servat

386 3715 415 3762 et
438 3704 469 3761 in
493 3704 620 3782 senium)
643 3705 709 3782 luo,
734 3722 813 3782 quae
838 3737 879 3746 —
903 3703 1003 3783 fixisti,
1032 3706 1088 3765 lota
1110 3703 1202 3762 frana
1218 3702 1314 3762 libens
1338 3699 1502 3782 docilisque

385 3793 493 3871 recepi.
510 3793 549 3853 ib.
566 3795 618 3853 62:
642 3791 695 3852 sed
710 3790 841 3874 venienti,
859 3792 955 3871 plenis
971 3791 1238 3854 uenient-conubia
1253 3789 1358 3853 taedis.
1374 3792 1405 3852 Il
1422 3794 1452 3866 3,
1469 3793 1503 3852 9:

386 3882 436 3942 ille
452 3881 573 3962 quidem
588 3878 623 3962 il,
649 3893 770 3948 cunctas
786 3891 928 3961 tanquam
947 3882 1028 3955 velit,
1041 3880 1075 3944 'it
1091 3893 1190 3942 tamen
1207 3902 1298 3942 unam
1313 3881 1345 3939 in
1360 3879 1502 3941 Pholoen.

385 3971 483 4034 Theb.
498 3971 530 4031 Π
547 3975 624 4034 620:
648 3989 772 4034 unusne
787 3972 844 4031 viri
869 3982 911 4032 tot
934 3971 1077 4032 caedibus
1099 3989 1182 4032 unus
1198 3971 1253 4030 ibit
1269 3990 1363 4031 ovans
1380 3966 1503 4049 Argos?

386 4060 439 4122 Sil.
463 4061 499 4124 It.
522 4061 599 4122 XVI
630 4063 683 4124 73:
707 4080 775 4121 ecce
799 4060 975 4121 trahebatur
998 4058 1158 4141 lucemque
1176 4097 1214 4108 -
1228 4061 1288 4121 heu
1311 4059 1412 4126 dulcia
1428 4059 1504 4120 caeli

478 4219 498 4288 ¹)
518 4218 551 4272 cf.
570 4218 729 4288 Mommsen,
748 4219 843 4274 Herm.
861 4217 958 4272 XVIlI
976 4219 1069 4288 (1882)
1087 4235 1114 4288 p.
1136 4219 1194 4272 157.
1213 4232 1311 4272 nomen
1334 4225 1378 4274 est
1396 4217 1503 4273 mirunr.

385 4293 429 4344 An
448 4289 539 4345 voluit
556 4289 708 4359 lapidarius
728 4291 771 4341 ἐπὶ
790 4291 948 4358 demoror?

476 4362 497 4434 ⁹)
518 4377 598 4431 quern
616 4363 707 4418 locum
725 4363 797 4420 male
816 4368 963 4420 tentavere
976 4361 1231 4436 viridocti;mente
1244 4362 1329 4418 addas
1340 4367 1406 4419 ente
1419 4360 1504 4418 verba

385 4435 518 4492 leomioem
535 4435 637 4507 pomis:
657 4435 753 4509 scito!
