3440 5096
738 479 955 537 -13.„

441 655 599 713 servitium
622 675 678 714 nec
700 665 731 713 te
753 655 836 714 cultu
858 655 1019 735 'tirynthia
1041 660 1142 716 vincat

350 749 424 807 110.
440 743 513 802 aula
535 743 754 824 Dicarcheique
775 746 859 804 sinus
881 765 938 804 nec
959 749 1080 826 saepius
1101 750 1151 806 isti

441 831 555 892 blanda
577 833 769 913 Therapnaei
791 834 913 913 placent
934 837 1038 895 vineta
1061 835 1192 901 Galaesi.

443 922 492 981 hic
512 922 567 982 uhi
590 923 705 982 Pieriae
726 934 847 983 exercet
869 924 982 984 Pollius
1004 935 1093 999 anes,

445 1031 496 1071 sen
518 1012 615 1071 volvit
636 1014 768 1072 monitus
791 1033 867 1093 qnos
891 1013 944 1072 dat
966 1014 1143 1093 Gargettius
1167 1027 1272 1076 auctor

444 1121 496 1160 aen
518 1115 650 1160 noctram
674 1105 773 1182 quatit
793 1103 847 1162 ille
869 1102 976 1182 chelyn
998 1125 1053 1164 sen
1076 1105 1197 1164 dissona
1220 1108 1314 1165 nectit

359 1197 426 1252 115.
443 1192 575 1250 carmina
596 1193 661 1250 eive
682 1194 785 1250 minax
807 1193 934 1252 ultorem
957 1196 1081 1272 stringit
1103 1187 1239 1254 idmhon:

441 1280 512 1340 hinc
533 1280 609 1340 levis
632 1302 650 1340 e
671 1282 802 1362 seopulis
825 1282 947 1341 meliora
971 1283 1009 1341 ad
1032 1286 1164 1345 earmina
1186 1283 1273 1344 Siren

440 1369 573 1450 advolat,
594 1370 666 1430 hinc
687 1373 776 1430 motis
799 1370 884 1430 audit
905 1373 1041 1431 Tritonia
1064 1375 1170 1436 crihtis.

442 1471 513 1519 tnnc
535 1459 632 1536 rapidi
654 1473 772 1540 ponunt
794 1462 891 1540 flatus,
915 1464 1011 1520 meria
1032 1465 1099 1543 ipsa
1121 1473 1264 1524 vetantur

441 1549 623 1628 obstrepere,
647 1561 805 1627 emergunt
829 1551 938 1630 pelago
962 1551 1141 1633 doctamque
1165 1554 1326 1614 trahuntur

352 1641 423 1701 120.
438 1637 478 1696 ad
500 1639 607 1717 chelyn
630 1649 661 1698 et
684 1639 787 1698 blandi
809 1641 941 1720 seopulis
964 1641 1120 1722 delphines
1144 1642 1294 1703 aderrant

440 1729 521 1802 vive,
545 1727 646 1788 Midae
668 1731 752 1806 gazis
774 1740 804 1788 et
825 1728 911 1808 Lydo
934 1729 1022 1790 ditior
1044 1752 1118 1791 auro

441 1817 550 1877 'lhoica
573 1828 604 1877 et
626 1818 799 1895 Euphratae
821 1839 912 1898 snpra
936 1819 1106 1882 diademata
1127 1822 1211 1896 felix,

442 1926 531 1987 quem
555 1927 616 1967 non
638 1907 773 1986 ambigui
796 1908 903 1979 fasces,
928 1930 988 1969 non
1010 1910 1121 1970 mobile
1144 1913 1261 1988 volgus,

440 2016 501 2055 non
523 1996 618 2076 leges,
644 2017 705 2056 non
727 2007 824 2057 castra
846 2009 960 2078 tenent,
985 2001 1037 2079 qui
1060 2011 1181 2080 pectore
1204 2021 1314 2079 magno

352 2088 424 2149 125.
441 2105 586 2166 spemque
609 2097 781 2167 metumque
804 2087 906 2146 domas
929 2109 1002 2148 cura
1024 2089 1179 2148 sublimior
1202 2092 1281 2149 omni

441 2183 598 2255 exemptus
620 2176 690 2235 fatis
712 2174 981 2258 indignantemque
1003 2179 1143 2238 refellens

440 2265 619 2340 Fortunam3
643 2265 767 2326 dubium
790 2287 880 2347 quem
902 2289 962 2327 non
984 2269 1016 2326 in
1038 2268 1160 2329 turbine
1182 2288 1281 2328 rerum

440 2353 605 2435 deprendet
626 2375 766 2436 suprema
789 2356 862 2435 dieo,
887 2357 940 2416 sed
964 2357 1048 2418 abire
1070 2369 1208 2438 paratum

441 2465 476 2502 ac
497 2445 620 2524 plenum
643 2447 716 2506 vita.
741 2465 794 2505 nos
817 2445 886 2505 vilis
909 2446 1008 2519 turba,
1032 2448 1151 2506 caducis

349 2537 422 2595 130.
440 2533 590 2594 deservire
613 2534 700 2594 bonis
723 2554 903 2615 semperque
925 2547 1030 2616 optare
1053 2539 1152 2616 parati

439 2626 608 2704 spargimur
631 2626 664 2683 in
686 2644 787 2684 caena:
812 2624 892 2684 celsa
914 2635 948 2685 tu
970 2629 1078 2685 mentis
1101 2626 1140 2685 ab
1163 2646 1231 2684 arce

439 2712 566 2793 despicis
589 2722 724 2774 errantes
747 2714 940 2794 humanaque
962 2715 1075 2794 gandia
1097 2714 1185 2777 rides.

438 2811 556 2882 tempus
580 2812 645 2863 erat
668 2823 735 2863 cum
759 2817 788 2862 te
812 2806 951 2880 geminae
975 2805 1119 2882 suffragia
1141 2814 1239 2864 terreo

439 2890 605 2973 diriperent
627 2894 785 2974 celsusque
808 2892 884 2953 dnae
907 2893 1050 2953 veherere
1074 2914 1129 2975 per
1151 2894 1252 2968 urbes,

350 2986 421 3044 135.
439 2980 509 3041 inde
532 2983 705 3043 Dicarcheis
728 2983 855 3042 multum
878 2983 1049 3043 venerande
1072 2984 1194 3064 colonis,

439 3071 487 3130 hic
510 3071 624 3133 adscite
646 3075 728 3146 meis,
752 3074 925 3153 pariterque
948 3074 994 3131 hia
1015 3073 1120 3152 largus
1144 3085 1173 3133 et
1195 3074 1253 3133 illis

440 3180 475 3219 ae
497 3162 629 3222 iuvenile
652 3163 753 3222 calone
775 3162 944 3243 plectrique
966 3183 1066 3223 errore
1088 3163 1244 3243 superbus.

439 3260 471 3309 at
492 3271 573 3311 nune
596 3251 729 3312 discussa
751 3272 853 3312 rerum
877 3253 1006 3330 caligine
1030 3273 1134 3313 verum

439 3343 548 3421 aspicis
573 3377 610 3386 -
635 3342 688 3402 illo
712 3342 765 3400 alii
787 3361 890 3402 rursus
912 3343 1059 3402 iactamur
1081 3344 1114 3402 in
1135 3343 1197 3402 alto
1223 3376 1260 3389 -

349 3432 420 3492 140.
438 3439 469 3490 et
491 3440 544 3492 tua
566 3451 687 3492 securos
709 3441 814 3511 portus
836 3430 1048 3513 placidamque
1072 3435 1203 3512 quietem

437 3521 563 3582 intravit
585 3541 646 3581 non
669 3540 780 3601 quassa
804 3524 885 3583 ratis.
910 3523 954 3581 eie
976 3542 1071 3602 perge
1094 3542 1306 3602 necunquam

439 3611 591 3671 emeritam
614 3612 646 3669 in
670 3620 784 3671 nostras
807 3630 940 3691 puppem
962 3611 1080 3672 dimitte
1102 3612 1259 3691 procellos.

349 3701 419 3762 147.
438 3709 533 3781 tuque
555 3720 649 3760 nnrne
671 3701 751 3759 inter
774 3700 865 3779 longe
888 3700 1102 3778 <doctissima
1126 3701 1256 3778 Polla>

440 3836 922 3854 ................
950 3790 1125 3870 praecordia
1147 3811 1237 3850 curae

439 3900 498 3940 non
521 3882 649 3940 frontem
673 3895 789 3938 vertere
812 3882 919 3953 minae,
944 3879 997 3940 sed
1021 3879 1148 3940 candida
1170 3900 1288 3961 semper

438 3969 552 4048 gaudio
575 3979 606 4029 et
628 3972 659 4029 in
682 3969 770 4028 vultu
793 3989 930 4030 curarum
953 3971 1061 4048 ignaro
1083 3970 1239 4051 voluptas:

368 4219 427 4272 113.
451 4217 620 4288 gargetious.
660 4218 718 4270 116.
745 4215 890 4285 escopulis.
930 4217 987 4270 119.
1013 4216 1143 4271 trahunt:
1171 4233 1243 4271 corr.
1262 4234 1296 4270 m.
1335 4217 1394 4270 122.

277 4289 440 4346 diademate.
488 4291 546 4344 124.
574 4293 676 4344 terent.
724 4289 782 4343 125.
808 4297 869 4343 tuto
898 4287 1047 4342 sublimior.
1093 4291 1152 4342 126.
1180 4288 1297 4343 retellos.
1336 4289 1395 4342 127.

277 4361 369 4418 (inhio.
414 4361 472 4416 138.
492 4377 530 4415 ac.
553 4360 778 4415 retinerentur.
818 4362 877 4414 142.
897 4359 1051 4414 dimittere:
1076 4376 1148 4413 corr.
1168 4377 1202 4416 m.
1227 4360 1276 4413 147
1294 4358 1395 4428 longae

277 4434 338 4488 sine
351 4433 400 4488 loc.
417 4432 453 4489 M.
481 4431 540 4489 148.
553 4448 667 4487 vescere
681 4449 717 4485 an
730 4437 841 4486 vertere
854 4430 982 4486 exhibeat
994 4429 1024 4484 M
1036 4430 1145 4486 dubium
1158 4437 1205 4486 est.
1244 4431 1302 4483 153.
1314 4431 1395 4500 [dool.
