3440 5096
675 463 895 523 ...41-

221 649 286 702 ese
312 641 513 716 cf.11,105.
537 641 683 722 turra
708 642 857 725 13,109.
882 596 941 716 14,
958 641 1029 702 125.
1054 642 1117 716 15,
1132 644 1184 705 er.
1209 642 1284 716 113,
1299 645 1349 707 ra.

221 733 272 793 111
291 733 407 804 1,171.
431 731 615 806 1114,103.
640 730 684 810 rr
704 737 731 808 1,
747 736 799 794 re.
824 730 868 792 iv
886 734 1004 806 3,150.

319 823 390 882 109·
428 843 486 889 aec
516 823 553 887 de
589 822 678 888 colio
713 821 890 906 Tirynthia
925 823 1034 888 morat
1062 822 1155 888 aulo:
1189 830 1349 904 postquam

219 911 354 971 Noblius
378 911 410 989 (l.
435 911 455 974 l.
478 932 508 990 p.
537 912 588 990 12)
618 920 648 970 et
671 911 872 972 Baehrensius
901 911 1045 971 librorum
1068 911 1226 972 lectionem
1250 921 1349 974 tenta·

219 1009 337 1061 verunt
359 1002 596 1060 coniecturis-
614 1000 704 1060 alter:
734 1000 910 1086 Tirynthia
932 1002 1067 1068 vincant
1078 1022 1159 1068 arva
1181 1004 1347 1082 proposuit,
1458 1059 1460 1064 .

220 1091 303 1150 alter
325 1111 379 1169 pro
405 1085 498 1176 tttttltt'
521 1090 676 1150 substituit
701 1087 776 1172 ‘ora‘
799 1127 836 1136 -
855 1089 1026 1150 defensores
1050 1092 1191 1151 exstitere
1214 1091 1348 1150 codicum

221 1179 381 1240 Poleterus
413 1181 543 1260 (quaest.
575 1179 651 1240 Stat.
681 1181 726 1238 IV
750 1201 780 1258 p.
809 1178 860 1262 10)
893 1189 923 1240 et
954 1180 1098 1240 bliillerus
1131 1180 1163 1259 (l.
1188 1181 1208 1241 l.
1232 1202 1261 1260 p.
1286 1182 1349 1257 51).

224 1272 331 1349 Atque
354 1269 406 1329 ille
430 1268 550 1349 quidem
574 1269 674 1328 aulam
699 1268 808 1329 dictam
830 1289 895 1328 esse
912 1279 999 1349 putat
1016 1269 1126 1329 Baulos
1142 1269 1224 1349 quod
1240 1290 1348 1330 nomen

231 1359 265 1418 ad
292 1360 419 1419 Boaulia
442 1359 471 1422 b.
496 1379 520 1421 e.
547 1379 564 1418 a
587 1359 697 1419 bovum
722 1359 840 1419 stabulo
863 1360 914 1418 vel
937 1360 1067 1418 statione
1090 1358 1279 1420 deducebant
1299 1380 1348 1419 ve·

231 1459 315 1511 tores.
362 1449 429 1524 Quo
452 1457 553 1508 tamen
575 1447 662 1508 modo
684 1449 741 1508 boc
764 1448 901 1525 intellegi
930 1457 1040 1528 posset,
1065 1451 1164 1508 omisit
1191 1449 1353 1529 adnotare.¹

227 1539 315 1598 Alter
341 1539 513 1598 futilitatem
543 1537 750 1618 explicationis
777 1538 982 1598 Polsterianae
1005 1549 1086 1598 recte
1109 1541 1272 1620 perspexit,
1297 1538 1350 1599 sed

229 1649 322 1708 quam
346 1630 410 1708 ipse
434 1630 589 1708 proposuit
611 1630 886 1707 interpretationem
911 1649 948 1687 ea
968 1628 1051 1687 nullo
1067 1627 1154 1688 modo
1170 1639 1269 1709 potest
1284 1650 1350 1708 pro·

226 1719 303 1779 bari.
349 1717 553 1795 Longiuscula
577 1719 655 1777 enim
680 1716 881 1794 disputatione
906 1719 1054 1795 congessit
1077 1718 1173 1792 locos,
1202 1719 1255 1779 ubi
1279 1719 1350 1778 aula

225 1808 333 1886 aliqua
361 1808 499 1867 Herculis
530 1816 785 1868 commemoratur.
830 1806 890 1867 Sed
914 1809 979 1866 eius
1009 1809 1188 1867 sententiam
1212 1817 1247 1866 ut
1270 1829 1350 1868 asse·

225 1917 348 1977 querer,
366 1895 453 1956 doleo
469 1895 550 1976 quod
566 1897 638 1955 mibi
654 1917 714 1956 non
729 1898 863 1973 contigit.
890 1895 1080 1971 comparavit
1096 1897 1173 1955 enim
1192 1897 1234 1955 IV
1251 1901 1280 1972 6,
1292 1898 1348 1959 90:

228 2007 299 2072 ,uon
323 1987 393 2046 aula
417 1985 553 2065 quidem,
579 1987 751 2066 Tirynthie,
783 2006 839 2045 nec
870 1995 900 2044 te
923 1987 1026 2063 regius
1049 1985 1143 2044 ambit
1164 1986 1259 2046 bonos
1283 1984 1348 2048 etc.'

227 2097 291 2156 quo
315 2076 378 2135 loco
402 2073 483 2134 baud
507 2077 567 2135 scio
590 2096 628 2136 an
645 2074 784 2134 traditam
801 2075 959 2134 lectionem
979 2069 1153 2160 ‘Tirynthia’
1173 2073 1350 2136 defensurus

225 2167 329 2240 fuerit,
356 2162 519 2226 si'Ottonis
544 2163 576 2246 (l.
592 2166 612 2226 l.
632 2187 662 2245 p.
682 2163 760 2248 540)
785 2164 822 2224 de
845 2164 978 2224 hocloco
1001 2173 1090 2224 notae
1106 2184 1218 2224 memor
1233 2166 1348 2228 fuisset.

228 2254 290 2316 Sed
313 2256 356 2314 nil
380 2256 489 2314 certius
512 2274 603 2335 quam
626 2254 675 2313 hic
698 2253 887 2314 scribendum
913 2274 980 2313 esse
1005 2251 1193 2339 (Tirynthia.
1240 2255 1349 2335 Neque

228 2347 309 2406 enim
334 2344 403 2406 Otto
427 2363 525 2424 neque
541 2344 686 2405 Miillerue
701 2345 781 2405 hunc
797 2345 894 2404 locum
911 2353 992 2404 recte
1007 2345 1231 2406 intellexerunt.
1268 2345 1349 2405 Aula

228 2435 380 2512 significat
403 2435 541 2494 nimirum
565 2433 683 2494 domum
708 2436 821 2512 regiam
841 2469 880 2478 —-
905 2454 983 2513 quae
1006 2435 1087 2493 notio
1112 2435 1266 2494 tritissima
1290 2445 1348 2496 est:

227 2525 324 2602 Verg.
349 2526 425 2586 Aen.
448 2524 496 2584 Ill
525 2525 598 2587 354.
627 2525 716 2604 Prop.
742 2523 786 2584 lV
802 2521 856 2608 (V)
875 2527 905 2598 4,
926 2529 977 2588 55.
1028 2525 1102 2583 Luc.
1127 2524 1293 2586 v111493.
1319 2524 1350 2583 X

233 2619 306 2676 116.
339 2613 408 2673 Scn.
433 2613 542 2674 Troad.
571 2616 632 2674 772
657 2614 696 2675 al.
723 2649 764 2660 -
794 2615 914 2672 minime
946 2615 1038 2690 igitur
1066 2612 1183 2689 indiget
1213 2613 1349 2692 epitheti.

229 2705 316 2764 Mens
340 2711 439 2762 autem
464 2714 571 2783 poetae
595 2702 715 2784 siquid
739 2702 827 2763 video
853 2713 897 2762 est
918 2702 1006 2764 haec:
1032 2704 1118 2781 regia
1133 2701 1238 2762 domus
1254 2704 1349 2779 regia·

231 2813 293 2873 que
316 2793 541 2870 magnificentia
565 2814 643 2873 quae
668 2805 697 2852 te
728 2791 971 2872 circumdederat,
1003 2811 1071 2852 cum
1093 2790 1260 2852 Alexandri
1283 2812 1349 2851 eras

232 2901 330 2942 comes
345 2892 377 2942 et
392 2882 573 2942 Hannibalis
589 2893 619 2942 et
634 2882 747 2956 Sullae,
771 2885 830 2940 iam
853 2902 912 2941 non
930 2890 961 2942 te
976 2882 1078 2962 ambit,
1104 2881 1156 2941 sed
1173 2881 1304 2961 probitas
1320 2891 1351 2941 et

231 2973 352 3043 castitas
368 2969 512 3034 Vindicis.
552 2972 597 3030 llx
620 2972 676 3031 hoc
699 2974 792 3050 igitur
808 2972 871 3032 loco
895 2972 962 3031 elici
985 2972 1026 3030 nil
1043 2980 1140 3045 potest
1161 2970 1200 3030 ad
1215 2981 1349 3030 nostrum

230 3058 449 3121 illustrandum.
496 3064 541 3120 Ac
564 3082 603 3120 ne
618 3062 745 3122 alterum
761 3061 882 3142 quidem
897 3062 996 3120 locum
1012 3057 1073 3145 (111
1093 3066 1119 3133 1,
1137 3058 1191 3144 10)
1208 3081 1261 3120 cur
1275 3062 1349 3120 nula

232 3151 313 3214 lorus
337 3151 474 3210 attulerit
495 3171 542 3211 me
564 3151 740 3229 intellegere
760 3155 893 3228 ingenue
916 3151 1021 3213 fateor.
1069 3149 1148 3222 Quid
1164 3150 1256 3210 refert
1270 3150 1351 3209 illius

232 3240 338 3319 templi
362 3239 440 3319 quod
465 3243 596 3300 nondum
622 3250 685 3300 erat
709 3239 920 3303 aedificatum?
965 3241 1048 3318 Ergo
1072 3250 1103 3299 et
1124 3240 1202 3299 banc
1222 3240 1351 3320 explica·

233 3331 343 3390 tionem
368 3329 509 3390 cecidisse
532 3332 585 3389 vix
608 3331 746 3408 negabis.
792 3330 908 3389 Tamen
932 3349 1006 3388 seua
1029 3339 1098 3389 suut
1114 3329 1223 3404 verba3
1247 3349 1351 3408 quam·

209 3425 212 3432 ’
235 3439 325 3500 quarn
349 3439 424 3479 vera
447 3420 655 3498 interpretatio
678 3421 752 3481 latet
774 3422 806 3478 in
822 3418 942 3478 Beraldi
959 3417 1102 3481 editione:
1127 3417 1197 3478 aula
1213 3421 1292 3478 enim
1307 3429 1352 3479 est

231 3508 312 3568 idem
344 3520 435 3588 atque
466 3509 538 3567 villa
569 3509 605 3571 ct.
636 3511 708 3572 Hor.
739 3510 835 3573 Carm.
868 3509 899 3568 II
923 3513 973 3582 10,
988 3514 1016 3569 8.
1065 3511 1167 3588 Atque
1197 3510 1239 3568 sic
1269 3508 1351 3588 apud

232 3602 330 3678 ipsum
359 3599 486 3659 Statium
518 3600 684 3659 invenitur:
705 3600 723 3659 Ἰ
744 3599 775 3672 3,
794 3604 846 3661 40.
894 3598 943 3658 Ab
967 3600 1046 3657 omni
1076 3600 1136 3657 iam
1166 3596 1351 3658 dubitatione

232 3697 348 3748 remota
371 3697 417 3748 est
438 3689 581 3748 librorum
596 3688 694 3750 lectio.
734 3687 814 3748 Illud
831 3698 947 3748 tantum
964 3687 1123 3766 disceptari
1138 3697 1247 3768 potest,
1272 3708 1351 3768 quae

234 3779 274 3837 sit
296 3777 349 3836 illa
371 3779 442 3836 aula
457 3778 624 3858 Tirynthia.
672 3780 774 3858 Atque
797 3799 836 3838 no
859 3797 927 3838 cum
948 3778 1075 3836 Miillero
1091 3777 1351 3837 Tiburtinamali·

234 3887 325 3946 quam
357 3867 459 3926 villam
492 3869 716 3946 intellegamus,
748 3867 887 3948 prohibet
918 3867 998 3947 quod
1027 3868 1113 3926 iuxta
1140 3868 1269 3943 positum
1293 3877 1348 3927 est:

233 3955 389 4016 Dicarchei
420 3959 512 4016 sinus.
567 3959 614 4018 De
644 3958 832 4017 Herculaneo
863 3955 1010 4016 Beraldus
1040 3958 1197 4033 cogitavit:
1231 3967 1261 4016 at
1292 3975 1350 4034 quo

234 4044 323 4105 modo
348 4046 564 4126 explicabimus
586 4048 764 4108 Dicarcheos
787 4045 889 4106 sinus?
937 4049 986 4106 An
1008 4057 1101 4106 totum
1124 4048 1221 4106 sinum
1245 4045 1352 4106 Cuma-

236 4155 308 4194 num
334 4137 495 4213 significari
519 4137 705 4197 statuamus?
743 4139 784 4196 At
800 4141 852 4216 qui
868 4145 969 4214 potest
991 4136 1041 4195 ille
1064 4138 1175 4215 opponi
1199 4156 1266 4195 orae
1282 4135 1350 4194 Sur-

234 4226 373 4285 rentinae
406 4246 494 4306 quam
529 4228 594 4306 ipse
629 4225 791 4286 allabitur?
844 4225 1022 4286 Necessario
1058 4227 1151 4303 igitur
1186 4223 1224 4284 ad
1257 4223 1352 4284 solum

236 4316 334 4375 sinum
351 4317 498 4376 Baianum
514 4317 684 4378 referemus.
723 4315 781 4376 Sed
806 4317 830 4374 ai
854 4314 910 4374 boc
933 4317 1073 4375 convenit
1095 4315 1183 4374 facile
1202 4330 1249 4374 est
1272 4313 1354 4374 dictu

239 4425 299 4492 quo
323 4414 440 4488 spectet
462 4405 517 4476 illa
537 4406 609 4466 aula
630 4406 802 4488 Tirynthia:
827 4406 966 4478 nimirum
990 4403 1028 4464 ad
1051 4405 1161 4468 Baulos
1183 4413 1214 4464 et
1237 4402 1276 4463 ad
1299 4425 1351 4482 ag·
