3440 5096
808 461 1050 518 -26-·

448 639 499 698 42.
522 638 579 704 cicc
601 637 714 704 ordiris
734 637 826 722 lonso
849 635 1001 720 suffecere
1024 637 1122 704 oculi:
1147 638 1183 701 ct.
1200 637 1245 699 ·1v
1263 641 1293 713 2,
1312 639 1367 700 30:
1392 638 1477 700 fessis

359 727 411 784 vix
434 725 563 786 culmina
586 725 714 807 prendas
736 726 859 786 visibus.

449 817 499 878 43.
536 817 600 892 oin,
625 817 701 883 dum
719 835 780 894 per
802 814 933 900 simpuio
955 817 1063 888 ducor.
1088 817 1238 901 suffecere
1250 820 1389 904 prodas:
1404 818 1476 899 lepi-

360 903 480 966 dissime
503 917 592 984 poeta
608 905 734 965 Polliam
758 905 844 983 fingit
868 913 1081 964 monstrantem
1105 904 1161 964 sibi
1184 907 1423 986 pulchritudines
1448 917 1477 967 et

360 996 552 1056 amoenitates
576 995 674 1067 villae,
699 993 729 1053 id
753 994 834 1074 quod
851 993 1019 1071 elegantem
1035 993 1149 1052 Bartbii
1172 1015 1292 1056 sensum
1307 1018 1367 1057 non
1390 1017 1475 1077 prae·

359 1085 446 1148 teriit.
504 1086 605 1164 Atque
642 1082 715 1144 adeo
750 1084 841 1161 longa
875 1093 920 1142 est
955 1082 1135 1156 ambulatio,
1173 1082 1247 1143 adeo
1285 1099 1355 1145 sunt
1382 1087 1476 1147 multa

359 1173 471 1233 lumina
504 1188 596 1255 atque
630 1181 821 1253 ornamenta,
857 1182 891 1231 ut
926 1187 1016 1252 poeta
1050 1172 1193 1249 fatigetur
1228 1173 1411 1236 ambulando
1447 1185 1477 1236 et

357 1262 495 1326 videndo.

447 1357 499 1414 44.
529 1373 609 1435 quae
632 1373 741 1418 rerum
765 1351 896 1419 turbolt
924 1350 1034 1430 optime
1057 1370 1159 1410 vocem
1186 1345 1291 1433 ‘turba'
1317 1357 1476 1433 usurpavit

359 1449 464 1521 posta:
489 1450 534 1500 tot
557 1443 752 1500 amoenitates
776 1451 855 1514 sunt,
880 1449 913 1499 ut
936 1441 1051 1499 animus
1079 1440 1194 1499 turbari
1217 1439 1278 1501 fere
1301 1442 1402 1520 possit.

448 1531 549 1597 locirte
571 1532 741 1613 inreritum
763 1550 809 1597 om
832 1530 954 1596 domimi
977 1526 1074 1596 mirer
1095 1525 1213 1614 prius?
1241 1531 1393 1608 ingenium
1417 1531 1474 1590 loci

358 1630 403 1680 est
426 1629 550 1694 natura3
580 1639 658 1700 quse
683 1621 763 1679 notio
787 1619 830 1678 illi
853 1619 920 1677 voci
944 1618 1024 1679 haud
1048 1639 1115 1679 raro
1139 1619 1254 1680 subest:
1279 1620 1315 1682 cf.
1339 1619 1355 1679 1
1380 1623 1474 1695 3,15.

357 1711 450 1787 Verg.
475 1729 576 1786 georg.
603 1709 634 1769 II
660 1710 730 1771 177.
757 1706 811 1769 Ov.
845 1709 919 1767 trist.
944 1708 969 1768 V
997 1713 1046 1789 10,
1071 1711 1120 1770 18.
1148 1717 1217 1768 met.
1242 1708 1288 1768 Ill
1315 1713 1386 1775 158.
1418 1709 1471 1770 Sil.

357 1800 393 1862 It.
416 1798 447 1859 II
472 1803 523 1862 91.
548 1797 624 1859 XIV
649 1799 720 1859 283.
745 1797 838 1860 Rutil.
863 1798 981 1859 Namat.
1006 1800 1021 1857 I
1046 1801 1119 1861 328.

449 1891 501 1950 45.
525 1889 601 1955 hoec
623 1889 734 1956 domus
757 1894 847 1954 ortus
870 1889 985 1972 aspicit
1007 1895 1036 1955 et
1058 1888 1175 1956 Phoebi
1198 1895 1342 1955 teneam
1364 1885 1474 1955 iubar:

359 1975 556 2038 Marklandne
579 1978 660 2037 nube
675 1977 877 2054 exemplorum
894 1987 1044 2037 contracte
1068 1993 1152 2038 suam
1169 1979 1367 2037 coniecturam
1390 1977 1474 2038 nobie

360 2067 521 2126 obtrudere
544 2068 647 2130 voluit.
695 2066 889 2128 scribendum
914 2069 993 2127 enirn
1017 2069 1148 2127 censuit:
1172 2068 1323 2147 prospicit.
1360 2065 1473 2128 Tamen

358 2157 431 2216 haec
464 2160 611 2216 sententia
643 2159 716 2236 quin
749 2158 787 2216 sit
815 2157 929 2217 reicula
952 2157 1053 2216 nullus
1078 2156 1191 2217 dubito.
1239 2155 1374 2218 Occurrit
1398 2158 1475 2216 enirn

358 2247 493 2306 similiter
523 2256 615 2326 atque
647 2246 704 2304 hoc
736 2247 798 2306 loco
831 2246 955 2307 verbum
985 2245 1147 2326 aspiciendi
1176 2247 1264 2305 etiam
1294 2244 1374 2327 apud
1403 2247 1476 2306 alios

357 2344 510 2398 auctores:
530 2334 641 2398 Colum.
658 2335 735 2395 Vlll
759 2340 789 2416 8,
805 2339 842 2398 2:
869 2334 920 2394 sed
944 2334 1070 2396 inedito
1094 2335 1158 2394 fieri
1174 2335 1343 2396 tabulatum
1360 2344 1477 2414 oportet

357 2424 436 2504 quod
452 2426 577 2501 aspiciat
592 2425 750 2485 hibernum
766 2424 929 2486 meridiem.
954 2425 1027 2487 Tac.
1046 2423 1147 2484 Germ.
1171 2429 1199 2486 5.
1226 2424 1474 2500 (Germania)

357 2515 507 2574 ventosior
530 2535 591 2594 qua
614 2515 756 2573 Noricum
780 2525 809 2573 et
831 2515 1015 2575 Pannoniam
1039 2514 1153 2593 aspicit.
1177 2512 1245 2572 Plin
1262 2535 1308 2593 ep.
1328 2516 1352 2572 V
1378 2517 1406 2587 6,
1422 2518 1473 2574 29.

445 2608 497 2665 46.
530 2605 588 2671 illa
619 2605 779 2671 cedentem
810 2604 929 2671 detinet
959 2606 1162 2686 enectamque
1193 2608 1288 2688 nepai
1318 2602 1475 2668 dimittere

356 2693 476 2760 lucem:
506 2693 661 2753 cadentem
689 2689 844 2753 Phoebum
873 2693 901 2755 b.
931 2713 956 2754 e.
990 2692 1182 2755 occidentem.
1214 2694 1249 2755 cl.
1281 2692 1370 2768 Verg.
1400 2694 1474 2752 Aen.

356 2783 398 2844 IV
423 2787 497 2846 480.
532 2780 586 2844 Ov.
611 2792 679 2846 met.
704 2783 759 2857 IV,
785 2786 858 2845 627.
883 2782 935 2857 Xl,
963 2786 1025 2844 594
1050 2782 1087 2845 al.
1111 2790 1246 2841 exactam
1269 2782 1384 2841 lucem:
1408 2799 1472 2859 per·

356 2881 453 2931 actum
486 2872 580 2932 diem:
613 2871 718 2933 Claud.
751 2873 817 2932 laus
849 2871 911 2932 Ser.
947 2875 1004 2933 52:
1037 2882 1069 2930 tu
1101 2875 1252 2952 <nempe
1284 2869 1474 2949 Hispania>

356 2962 448 3021 fessos
477 2971 582 3022 exacta
611 2961 677 3021 luce
705 2962 823 3040 iugales
853 2961 968 3040 proluis
996 2971 1051 3023 etc.
1076 2997 1119 3010 --
1144 2971 1236 3038 negat
1259 2959 1331 3022 int:
1356 2968 1476 3018 recusat

357 3071 434 3131 quae
462 3050 571 3111 locutio
599 3051 694 3110 Statio
724 3052 953 3112 familiarissime
981 3060 1041 3112 est:
1072 3053 1108 3112 cf.
1139 3051 1153 3108 I
1184 3053 1211 3120 2.
1230 3053 1300 3112 139.
1332 3049 1346 3108 Ι
1380 3049 1474 3121 5,63.

357 3141 454 3202 Theb.
477 3141 665 3202 111·572.v
691 3143 753 3202 233
779 3141 817 3203 al.
831 3136 856 3224 1)
896 3139 941 3200 Ad
971 3149 1062 3200 totam
1093 3141 1270 3200 sententiam
1294 3138 1381 3198 velim
1407 3159 1474 3197 con·

357 3230 452 3292 feras:
477 3231 555 3292 Plin.
581 3250 629 3309 ep.
653 3230 684 3290 ΙΙ
712 3233 761 3305 17,
777 3233 812 3293 6:
841 3230 930 3290 huius
953 3251 971 3289 a
994 3231 1082 3289 laeva
1102 3231 1258 3290 retractius
1281 3228 1370 3305 paulo
1394 3228 1474 3288 cubi·

357 3320 455 3379 culum
484 3329 528 3379 est
556 3319 695 3394 amplum,
725 3318 834 3379 deinde
863 3318 944 3379 aliud
972 3321 1078 3392 minue,
1112 3318 1191 3400 quod
1220 3318 1316 3378 altera
1343 3318 1475 3378 fenestra

357 3407 487 3468 admittit
510 3410 663 3483 orientem,
692 3407 873 3469 occidentem
903 3409 996 3468 altera
1024 3411 1140 3473 retinet.
1175 3409 1274 3490 Apoll.
1298 3407 1358 3469 sid.
1385 3427 1473 3469 carm.

358 3501 408 3573 22,
424 3502 487 3560 154
511 3500 729 3578 <porticus>
758 3501 823 3578 ipsa
847 3498 925 3558 diem
941 3507 1045 3558 natum
1061 3501 1155 3559 cernit
1170 3499 1336 3559 sinuamine
1360 3496 1474 3569 dextro,

355 3588 452 3648 fronte
474 3587 579 3648 videns
602 3587 741 3659 medium,
765 3589 851 3648 laveo
875 3589 976 3649 visura
1000 3587 1164 3651 cadentem.

447 3681 497 3739 48.
532 3700 603 3744 cum
635 3679 700 3745 iem
730 3680 816 3763 fesso
846 3679 913 3746 dies
945 3685 973 3745 et
1004 3679 1042 3745 im
1072 3700 1211 3764 aequora
1242 3679 1359 3744 moritis
1387 3675 1476 3755 opaci

357 3767 468 3834 umbro
497 3768 581 3836 cudit
607 3769 766 3851 vitreoque
793 3774 912 3836 mutent
936 3770 1103 3847 praetorio
1125 3775 1246 3848 ponto:
1276 3767 1397 3826 maximi
1427 3766 1476 3825 hic

357 3858 440 3916 locus
465 3867 509 3917 est
531 3860 682 3920 momenti.
723 3856 839 3917 Pendet
855 3859 933 3916 enim
957 3877 995 3917 ex
1019 3878 1054 3918 eo
1072 3857 1218 3938 quidquid
1243 3855 1280 3917 de
1303 3859 1362 3916 situ
1385 3855 1475 3916 villae

360 3949 509 4009 statuitur.
556 3947 667 4023 Agitur
690 3957 789 4006 autem
814 3946 851 4006 de
878 3949 1093 4026 significatione
1115 3949 1196 4007 vocis
1222 3940 1355 4032 ‘umbra'
1389 3946 1475 4022 Quae

359 4037 440 4096 notio
473 4056 511 4096 ex
542 4037 607 4116 ipso
639 4035 733 4096 Statio
765 4035 884 4096 videtur
915 4057 980 4097 esse
1010 4036 1148 4116 petenda.
1197 4035 1399 4097 Conferendus
1430 4046 1476 4096 est

357 4126 500 4205 imprimis
525 4125 616 4185 villae
637 4125 816 4186 Tiburtinae
841 4124 870 4208 (Ι
895 4124 927 4209 3)
950 4147 978 4188 v.
1009 4132 1047 4188 18
1071 4147 1127 4207 sq.,
1149 4125 1203 4186 ubi
1228 4125 1475 4202 Kernkhotfius2)

446 4265 470 4334 0)
490 4265 523 4319 cf.
537 4263 567 4318 F.
582 4263 663 4331 Lohr,
685 4265 718 4319 de
739 4263 869 4321 infinitivi
887 4265 960 4334 apud
978 4264 1100 4321 Statium
1119 4268 1148 4318 et
1161 4264 1318 4321 Iuvenalem
1337 4281 1395 4322 usu.
1410 4264 1475 4320 diss.

358 4335 496 4406 llarburg.
519 4337 594 4392 1876.
614 4353 639 4404 p.
659 4337 701 4390 20.

449 4407 542 4478 1)1.1.
563 4424 588 4478 p.
607 4410 650 4464 47.
671 4407 703 4463 ct.
724 4408 779 4463 Leo
799 4407 817 4464 l.
836 4408 853 4464 l.
874 4425 899 4479 p.
920 4409 963 4466 17.
999 4408 1033 4464 Η.
1054 4407 1264 4479 mallentin
1285 4411 1327 4464 32.
