3440 5096
375 1298 528 1358 Infinitum
559 1319 626 1359 csso
656 1297 694 1358 de
723 1297 819 1358 Statio
848 1299 980 1360 scribere
1005 1299 1176 1380 nuperrime
1200 1299 1406 1380 pronuntiavit

287 1387 455 1448 Fridericus
478 1384 579 1470 Leo.¹)
626 1387 671 1448 Ac
684 1388 817 1468 profecto
847 1391 872 1448 si
896 1390 963 1468 quis
986 1388 1227 1462 consideraverit,
1252 1397 1326 1470 quot
1349 1390 1406 1448 viri

287 1475 365 1535 docti
396 1487 425 1537 et
455 1479 589 1558 priorum
622 1485 653 1537 et
683 1479 882 1538 recentiorum
912 1486 1080 1558 temporum
1110 1479 1142 1537 in
1165 1477 1259 1538 Statio
1283 1499 1406 1558 operam

285 1587 369 1625 suam
393 1566 614 1640 collocaverint,
647 1576 782 1646 quotque
805 1568 936 1647 paginae
959 1567 997 1628 de
1020 1567 1104 1627 silvis
1127 1569 1314 1646 potissimum
1338 1587 1406 1627 con·

286 1657 415 1736 scriptae
445 1657 513 1731 sint,
549 1655 708 1716 mirabitur
738 1658 843 1737 opinor
873 1677 935 1716 non
969 1656 1037 1736 plus
1069 1658 1200 1717 evasisse
1231 1657 1344 1717 fructus
1368 1676 1406 1716 ex

285 1754 370 1804 tanto
394 1744 506 1806 labore.
553 1744 613 1805 Sed
644 1745 766 1806 evolvas
793 1745 880 1806 modo
908 1745 1002 1806 libros
1026 1747 1079 1825 qui
1102 1744 1139 1806 dc
1162 1739 1218 1805 hoc
1241 1757 1331 1826 pocta
1353 1766 1405 1806 ex·

285 1842 380 1895 stent:
413 1834 515 1894 multis
543 1835 692 1895 erroribus
720 1843 883 1895 scatentem
906 1847 1151 1915 unumquemque
1173 1835 1237 1896 fero
1259 1837 1404 1898 invenies.

285 1924 434 2005 Imprimis
466 1932 566 1983 autem
596 1924 671 1984 hacc
703 1932 825 2005 peccata
856 1945 873 1984 c
897 1925 972 1984 falsa
995 1925 1045 1984 vel
1069 1944 1129 1984 non
1153 1933 1293 1984 accurata
1315 1927 1407 1985 inter-¹

285 2015 452 2090 pretatione
487 2025 560 2072 nata
593 2021 672 2074 sunt.
720 2013 813 2074 Cuius
847 2015 908 2092 rei,
943 2034 983 2074 ne
1015 2014 1113 2074 fumos
1135 2012 1239 2073 videar
1261 2013 1403 2088 vendere,

286 2102 433 2162 nonnulla
454 2103 484 2162 in
508 2103 605 2163 animo
629 2113 674 2163 est
697 2103 830 2184 proferre
861 2103 1009 2184 exempla.
1057 2103 1160 2164 Veluti
1183 2104 1301 2163 initium
1325 2104 1406 2183 capit

287 2195 319 2252 in
343 2190 545 2272 disputatione
560 2212 615 2252 sua
630 2193 780 2252 chricus
795 2188 937 2272 Mullort)
960 2213 979 2252 a
999 2191 1066 2254 silv.
1083 2193 1115 2252 Π
1129 2197 1159 2262 6,
1179 2198 1206 2267 1,
1223 2192 1277 2253 ubi
1304 2193 1404 2252 Peerl-

287 2281 441 2362 kampium
473 2283 602 2360 castigat
640 2276 849 2368 ‘lugendoque’
886 2281 1095 2349 conicientcm.
1148 2281 1207 2342 Sed
1238 2281 1277 2342 ad
1308 2283 1405 2362 ipsum

289 2371 364 2430 haec
387 2372 567 2451 vituperatio
590 2371 706 2432 recidit.
753 2370 886 2433 Contulit
910 2372 988 2433 enim
1011 2371 1075 2435 silv.
1100 2371 1175 2444 Vt,
1195 2374 1234 2432 60
1251 2392 1295 2451 eq.
1313 2380 1405 2450 atquc
1440 2374 1443 2378 ’

289 2461 453 2521 rectissime
476 2461 657 2521 contulit-
677 2460 828 2520 simillima
851 2470 896 2522 est
919 2463 1068 2521 sententia
1091 2460 1240 2520 simillime
1263 2480 1406 2540 expressa

287 2583 328 2594 -
353 2549 405 2610 sod
440 2570 500 2611 non
535 2549 641 2610 debuit
675 2548 745 2609 inde
776 2550 964 2628 concludere,
1003 2544 1206 2638 ‘lugeddique'
1231 2550 1293 2609 ullo
1317 2549 1404 2608 modo

287 2659 374 2720 posse
409 2638 539 2700 delendi.
585 2639 689 2700 Verba
724 2648 823 2699 autem
858 2640 978 2720 singula
1012 2649 1149 2720 spectaro
1179 2639 1284 2698 maluit
1315 2658 1405 2718 quam

288 2739 384 2789 totum
408 2730 606 2792 enuntiatum.
654 2729 729 2803 V5,
749 2733 788 2790 60
813 2731 892 2788 enim
916 2730 958 2789 sic
981 2748 1013 2789 se
1037 2728 1141 2789 habet:
1259 2732 1264 2740 ’

450 2873 467 2912 o
490 2854 613 2913 nimium
636 2853 710 2914 felix
735 2898 905 2917 ......
930 2855 983 2935 qui
1006 2852 1105 2913 dicere
1127 2853 1226 2930 legem

447 2942 567 3004 fletibus
590 2951 643 3003 aut
666 2943 740 3004 fines
763 2941 855 3002 audet
878 2963 1001 3003 censore
1024 2941 1158 3003 dolendil

288 3066 341 3129 ubi
363 3069 531 3128 necessario
548 3067 659 3147 legitur
686 3064 835 3154 dolendi.
881 3067 959 3128 Nam
976 3067 1155 3128 constructio
1179 3067 1254 3127 hacc
1276 3075 1334 3127 cst:
1352 3069 1405 3146 qui

290 3156 380 3217 audet
403 3156 503 3236 legem
526 3155 625 3218 dicere
648 3157 769 3217 fletibus
793 3166 823 3218 ot
846 3177 968 3218 censere
983 3177 1048 3218 esse
1070 3158 1145 3217 fines
1168 3154 1298 3219 dolendi.
1345 3155 1405 3217 Sed

289 3245 382 3307 altero
406 3247 472 3306 loco
495 3255 591 3307 totum
616 3255 719 3308 contra
742 3255 801 3309 est:

417 3389 506 3431 saeve
529 3371 625 3450 nimis,
649 3371 779 3431 lacrimis
803 3372 940 3451 quisquis
965 3370 1137 3432 discrimina
1160 3372 1246 3451 ponis

415 3458 602 3541 lugendique
625 3459 735 3522 modos.

287 3587 330 3646 sic
361 3604 435 3645 sano
465 3593 586 3646 exstant
617 3583 692 3645 haec
714 3585 809 3646 verba
831 3586 862 3645 in
885 3584 982 3648 libris:
1008 3586 1144 3665 quisquis
1167 3585 1295 3645 lacrimis
1318 3585 1405 3664 ponis

288 3674 459 3735 discrimina
471 3683 501 3735 ct
512 3672 614 3734 modos
626 3709 668 3721 -
681 3673 814 3753 lugendo
825 3685 907 3754 puto.
931 3674 1008 3734 Nam
1021 3675 1151 3734 lacrimis
1167 3673 1293 3752 lugendi
1304 3673 1405 3734 modos

288 3784 400 3844 ponere
423 3764 498 3824 nihil
522 3773 577 3828 cst.
623 3765 694 3826 Jam
710 3764 805 3837 vides,
829 3763 902 3844 quid
918 3765 1034 3824 intersit
1048 3765 1127 3824 inter
1142 3764 1196 3824 hos
1212 3762 1286 3824 duos
1308 3763 1404 3823 locos:

289 3875 348 3914 non
371 3855 514 3932 cognovit
529 3853 684 3928 Mullorus,
709 3855 782 3934 quia
804 3855 885 3914 locos
907 3854 1003 3914 obiter
1026 3862 1142 3913 tantum
1166 3853 1359 3934 comparavit.

376 3943 459 4003 Idem
490 3945 536 4002 vir
567 3943 671 4004 doctus
695 3943 728 4028 (l.
744 3943 762 4004 l.
781 3965 810 4024 p.
836 3947 879 4005 26
895 3941 978 4024 adn.)
1008 3943 1153 4003 immerito
1178 3943 1292 4003 Barthii
1315 3944 1404 4001 intor-

288 4034 485 4112 pretationem
501 4033 617 4113 respuit
631 4033 697 4096 silv.
710 4033 758 4094 III
773 4039 804 4106 2,
824 4033 885 4094 109
895 4053 940 4114 sq.
957 4031 1011 4093 ubi
1036 4026 1212 4115 ‘Cecropius'
1238 4030 1315 4092 idem
1339 4031 1405 4091 vult

289 4143 355 4183 esso
378 4132 470 4203 atque
496 4116 693 4208 ‘Aegyptium
739 4120 845 4182 Sedet
872 4121 1014 4182 ridiculus
1037 4123 1080 4181 sic
1103 4123 1219 4182 exsistit
1242 4140 1346 4182 seusus
1361 4154 1405 4166 —

379 4333 400 4404 ¹)
420 4333 454 4388 de
473 4331 557 4389 Statii
576 4331 653 4387 silvis
672 4332 875 4388 commentatio.
895 4331 951 4386 ind.
970 4332 1034 4387 lect.
1054 4331 1181 4402 Gotting.
1202 4331 1297 4401 letale
1316 4347 1342 4400 p.
1361 4330 1404 4387 23.

378 4403 400 4477 ²)
419 4401 752 4472 contaminatius.
772 4403 902 4461 Rostoch.
924 4405 999 4463 1894.
1018 4421 1045 4474 p.
1065 4405 1091 4460 3.
