3440 5096
698 465 916 522 ..23-

248 637 395 727 ‘obscuro'
422 663 512 722 quam
527 661 631 703 vocem
653 649 735 700 recte
750 639 896 700 Beraldus
920 639 1089 716 explicavit.
1137 641 1285 718 Intellege
1300 639 1364 720 pul·

246 753 350 793 verem
381 752 440 812 quo
463 732 516 791 lux
539 731 609 791 solis
634 730 820 793 obscuratur.
861 729 1049 791 Adiectivum
1072 731 1167 808 igitur
1200 726 1363 815 ‘obscurus’

248 843 286 883 ex
309 842 393 882 more
414 823 513 901 poetis
537 821 652 881 Latinis
675 820 903 880 familiarissimo
924 821 1053 900 positum
1077 829 1124 880 est
1146 840 1200 900 pro
1224 839 1260 879 eo
1284 818 1365 900 quod

248 922 292 972 est
316 912 485 995 ‘obscurum
508 907 656 970 reddens'.
702 909 844 970 Similiter
870 929 985 995 ‘caecus
1009 903 1117 989 pulvis'
1143 907 1252 969 dicitur
1283 907 1365 990 apud

247 1001 416 1080 Vergilium
439 1002 526 1079 (Aen.
550 1000 614 1060 XII
638 1001 725 1077 444.)

336 1091 402 1150 Hoc
429 1090 556 1152 lIbenter
580 1088 708 1150 concedo
732 1088 867 1149 Krohnio
898 1109 1001 1148 versus
1028 1092 1079 1162 34,
1113 1091 1153 1148 35
1178 1088 1271 1148 artius
1294 1107 1364 1148 con-

253 1182 335 1258 iungi
357 1200 424 1240 cum
447 1201 475 1243 v.
500 1182 551 1254 31,
577 1181 604 1240 si
627 1179 803 1239 traiciuntur
827 1199 854 1239 v.
881 1182 933 1252 32,
952 1180 992 1239 33
1010 1188 1085 1238 etv.
1105 1181 1155 1249 34,
1173 1178 1224 1239 35.
1248 1178 1364 1238 Tamen

256 1290 315 1328 non
330 1269 365 1328 ab
387 1271 467 1329 omni
481 1279 567 1345 parte
588 1270 785 1329 necessariam
801 1288 867 1328 ease
890 1267 968 1326 hanc
983 1269 1242 1347 transpositionem
1266 1266 1365 1328 iudico

253 1369 413 1440 propterea,
444 1357 522 1439 quod
554 1361 586 1418 in
608 1356 776 1418 asserendis
808 1357 952 1437 exemplis
982 1378 1022 1416 ne
1054 1358 1121 1417 aliis
1144 1354 1264 1437 quidem
1290 1357 1364 1416 locis

253 1459 309 1507 tam
340 1451 430 1509 anxie
460 1457 549 1528 poeta
578 1449 822 1528 perspicuitatem
853 1448 1007 1523 spectavit.
1066 1447 1157 1507 Haud
1188 1447 1266 1507 enim
1296 1467 1364 1506 raro

249 1540 484 1618 comparationes
512 1539 626 1597 leniore
648 1540 769 1598 vinculo
792 1557 926 1596 conexae
948 1547 1018 1596 sunt
1034 1557 1101 1597 cum
1122 1535 1364 1598 antecedentibus

249 1627 285 1688 ct.
301 1628 345 1688 IV
359 1631 389 1701 8,
407 1631 447 1688 28
464 1648 508 1706 sq.
525 1627 569 1686 IV
584 1631 613 1700 3,
632 1632 673 1689 85
690 1649 745 1708 sq.,
771 1626 808 1687 de
832 1647 891 1707 quo
912 1627 977 1686 loco
996 1626 1073 1685 infra
1094 1626 1259 1705 disputabo.

338 1720 379 1778 34
414 1718 577 1784 stsooeas
600 1717 747 1803 Ephyres
771 1717 965 1784 Baccheidos
996 1716 1097 1783 altum
1129 1715 1266 1782 culmea:
1290 1717 1364 1776 Bac·

248 1807 328 1867 chais
344 1806 467 1887 Ephyre
489 1815 535 1866 est
552 1805 721 1869 Corinthus.
757 1807 921 1884 Epitheton
934 1804 1051 1865 addidit
1066 1814 1156 1884 poeta
1172 1825 1207 1864 eo
1232 1806 1364 1878 consilio,

247 1906 278 1956 ut
313 1917 402 1976 quam
427 1897 569 1977 Ilphyren
601 1897 736 1973 intellegi
761 1896 861 1975 vellet,
897 1893 1051 1955 indicaret.
1098 1893 1242 1954 Baccheis
1265 1905 1365 1955 autem

247 1998 372 2046 vocatur
402 1985 559 2047 Corinthus
590 1988 643 2046 aut
673 2006 691 2044 a
721 1985 839 2044 Baccho
871 1993 923 2042 aut
947 2004 965 2042 a
992 1982 1179 2044 Bacchiadis.
1235 1982 1281 2042 Ad
1312 1983 1365 2044 hos

247 2075 386 2156 plerique
407 2077 465 2136 viri
489 2075 568 2136 docti
592 2075 734 2138 referunt.
765 2074 953 2154 Quamquam
978 2075 1002 2132 si
1025 2073 1150 2133 formam
1174 2081 1302 2152 spectas,
1327 2073 1365 2132 ad

249 2165 401 2226 Bacchum
416 2166 516 2225 malim
536 2164 655 2231 reterre.
687 2165 765 2224 Nam
782 2165 898 2222 etiamsi
918 2162 999 2236 alibi,
1025 2161 1104 2243 quod
1128 2182 1185 2239 ego
1201 2163 1365 2222 invenerim

247 2275 308 2316 non
340 2257 467 2315 occurrit
496 2256 592 2314 forma
626 2253 791 2340 [Baccheia
824 2253 862 2312 ad
892 2247 1062 2336 ‘Baccheus'
1089 2251 1268 2313 adiectivum
1299 2271 1364 2311 eam

247 2364 313 2404 esse
345 2343 593 2405 accommodatam
624 2353 761 2423 apparet.
832 2344 933 2422 Atque
964 2362 1031 2401 cum
1062 2342 1199 2402 Bacchus
1230 2341 1365 2402 Corinthi

246 2433 417 2495 adolevisse
449 2434 577 2507 dicatur,
607 2435 730 2493 minime
760 2434 863 2512 inepta
893 2443 937 2492 cst
967 2433 1043 2492 haec
1073 2433 1164 2490 notio.
1212 2429 1271 2490 Sed
1299 2441 1366 2492 utut

247 2535 302 2598 est,
331 2522 444 2583 Statius
468 2522 640 2584 Corinthum
673 2522 900 2598 circumscribit,
931 2523 1016 2583 cuius
1048 2522 1140 2581 altum
1172 2521 1291 2582 culmen
1321 2529 1366 2580 est

247 2613 494 2688 Acrocorinthus,
524 2614 560 2675 cf.
586 2612 682 2673 Theb.
709 2611 768 2671 VII
792 2615 859 2674 too
888 2613 947 2671 iam
978 2612 1079 2691 pronis
1103 2609 1252 2670 Gradivus
1280 2612 1365 2690 equis

248 2701 408 2782 Ephyraea
431 2703 587 2782 premebat
609 2702 708 2774 litora,
733 2722 794 2781 qua
818 2721 948 2760 summas
971 2713 1062 2780 caput
1077 2700 1311 2760 Acrocorinthos
1334 2702 1366 2759 in

248 2811 337 2850 auras
360 2792 439 2851 tollit
461 2802 516 2852 etc.

338 2885 388 2944 35.
412 2884 451 2949 ob
473 2881 555 2948 Inoo
585 2884 650 2966 fert
679 2881 791 2948 semita
821 2887 901 2947 tecto
925 2881 1024 2964 lyceo:
1055 2879 1145 2957 vulgo
1177 2898 1216 2938 ex
1244 2879 1366 2938 Domitii

249 2972 420 3033 conlectura
456 2971 580 3048 legitur:
616 2970 765 3032 Lechaeo.
818 2970 905 3030 Unus
932 2966 1105 3048 Imhofius1)
1134 2968 1291 3028 oblocutus
1321 2976 1367 3028 est

251 3062 303 3142 qui
328 3055 448 3144 ‘Lyaeo'
474 3059 691 3120 restituendum
714 3079 780 3121 essa
807 3061 932 3120 censuit.
980 3058 1094 3118 Tamen
1122 3058 1366 3137 interpretatione

249 3171 303 3210 nos
325 3149 482 3210 fraudatus
506 3160 558 3212 ast.
600 3150 695 3210 Nimis
719 3151 797 3209 enim
821 3147 931 3209 distare
952 3147 1106 3207 contendit
1121 3146 1365 3208 Acrocorinthum

250 3263 268 3299 a
291 3240 430 3300 Lechaeo
460 3260 549 3320 quam
578 3249 611 3300 ut
639 3241 755 3320 portica
782 3239 861 3298 inter
888 3259 919 3299 se
942 3240 1043 3298 iuncta
1066 3237 1158 3297 fuisse
1182 3258 1218 3297 ea
1240 3237 1305 3295 loca
1328 3237 1366 3295 sit

249 3329 419 3393 verisimile.
456 3331 551 3389 Immo
574 3329 636 3389 ullo
660 3328 745 3390 modo
761 3329 932 3388 Lechaeum
954 3328 1009 3388 hoc
1030 3328 1096 3388 loco
1113 3327 1256 3406 explicari
1279 3345 1366 3405 posse

249 3440 337 3497 nego.
375 3418 451 3479 Inde
475 3421 552 3479 enim
577 3420 747 3480 aLcchaeo
770 3439 869 3499 usque
892 3416 930 3477 ad
952 3419 1058 3478 urbem
1080 3416 1196 3477 ferebat
1218 3417 1269 3474 via
1287 3416 1367 3473 intra

247 3510 354 3587 longos
381 3529 492 3574 muros.
538 3507 598 3568 Sed
621 3529 681 3568 non
710 3507 799 3567 ducta
822 3517 865 3568 est
888 3527 984 3587 usque
1007 3506 1044 3567 ad
1068 3505 1238 3584 acropolim.
1286 3503 1382 3579 Quid.

249 3608 351 3659 autern
375 3600 413 3659 eit
437 3597 639 3660 similitudinis
663 3601 742 3656 inter
766 3599 843 3656 hanc
866 3599 943 3656 viam
968 3606 998 3657 et
1020 3597 1168 3676 porticum
1184 3593 1261 3653 Polii
1285 3615 1365 3672 pror·

248 3709 299 3749 sus
323 3709 385 3748 non
407 3687 504 3750 video.
550 3685 674 3747 Accedit
698 3687 777 3767 quod
802 3689 920 3747 minime
936 3707 988 3766 per
1004 3685 1142 3765 obliquas
1166 3694 1245 3743 artes
1269 3685 1366 3763 erepit

249 3780 298 3837 via
320 3779 458 3838 Lechaeo
482 3776 665 3840 Corinthum.
716 3777 809 3836 Nulla
836 3778 930 3856 igitur
961 3785 1006 3836 ast
1037 3776 1226 3856 comparatio,
1254 3774 1278 3833 si
1306 3774 1365 3832 Do-

250 3870 332 3928 mitio
366 3866 582 3948 adplaudimus.
650 3866 760 3928 Contra
800 3868 929 3926 maxime
962 3864 1104 3925 laudatur
1138 3885 1157 3924 a
1185 3862 1365 3942 geographis

250 3978 388 4018 ascensus
416 3959 500 4018 arcis.
547 3957 644 4019 Strab.
669 3957 746 4016 VIII
770 3962 799 4030 6,
826 3958 864 4016 21
895 3977 924 4035 p.
951 3958 1013 4017 379
1042 3955 1175 4039 (triginta
1202 3950 1365 4013 stadiorum

250 4058 314 4107 erat
336 4048 386 4106 via
408 4046 569 4106 multifarie
593 4040 738 4106 curvata'
775 4045 911 4120 Quacum
927 4047 1037 4124 optime
1053 4052 1240 4122 comparatur
1263 4061 1365 4100 ascen·

250 4157 301 4197 sna
323 4136 416 4196 villae
437 4136 601 4196 Pollianae.
649 4137 711 4194 lam
735 4144 827 4196 restat
856 4133 1112 4212 interpretandum
1136 4131 1224 4194 illud:
1258 4133 1366 4191 Inoum

254 4226 379 4306 lyceum.
428 4227 528 4306 Atque
554 4219 687 4310 ‘lyceum’
713 4227 902 4304 gymnasium
926 4222 1047 4302 aliquod
1072 4223 1229 4300 significat.
1275 4221 1365 4281 Inous

341 4419 361 4488 ι)
380 4417 586 4474 emendationes
606 4416 756 4474 stationae.
793 4417 881 4474 Halae
902 4417 978 4472 1867.
997 4431 1024 4484 p.
1046 4416 1086 4470 10.
