3440 5096
368 1338 545 1418 Priusquam
578 1335 645 1416 ipsa
673 1344 782 1415 poetae
811 1336 904 1397 verba
931 1335 1157 1415 interpretanda
1186 1335 1398 1416 adgrediamur

283 1425 360 1487 baud
389 1427 498 1487 inutile
529 1435 603 1507 puto
635 1426 689 1484 erit
718 1426 809 1484 totius
833 1426 970 1486 carminis
993 1445 1139 1486 summam
1162 1435 1254 1508 atque
1277 1428 1397 1508 disposi-

280 1518 389 1576 tionem
412 1516 518 1596 paucis
535 1513 685 1592 expedire.
720 1514 816 1574 Poeta
838 1536 871 1576 se
894 1515 981 1594 fingit
1004 1525 1086 1576 trans
1110 1518 1207 1577 sinum
1232 1516 1398 1578 Cumanum

278 1626 296 1665 a
318 1606 447 1686 Neapoli
470 1606 665 1684 navigantem
686 1613 777 1684 atque
794 1604 934 1665 describit
957 1604 1175 1685 quodammodo
1199 1627 1236 1666 ea
1259 1608 1397 1688 primum,

277 1715 356 1776 quae
372 1716 389 1754 e
405 1697 480 1754 mari
497 1695 652 1756 observari
667 1702 802 1778 possunt,
827 1715 934 1776 nempe
946 1697 1036 1755 situm
1052 1696 1142 1755 totius
1159 1695 1257 1758 villae.
1281 1695 1400 1757 Deinde
1476 1722 1497 1744 -=

275 1784 314 1846 ad
338 1805 421 1845 oram
453 1785 600 1865 appulsus
632 1803 711 1864 quae
733 1785 765 1843 in
787 1783 875 1844 litore
898 1786 1119 1864 conspiciantur
1142 1788 1266 1866 exponit
1289 1785 1399 1867 (usque
1491 1777 1496 1830 ¹-
1529 1825 1532 1831 -

274 1873 322 1939 ad.
345 1895 374 1936 v.
402 1869 468 1958 29).
515 1873 658 1954 Sequitur
686 1893 827 1934 aecensus
856 1877 966 1954 (usque
994 1873 1040 1938 ad.
1064 1896 1093 1936 v.
1120 1870 1189 1959 35).
1224 1877 1260 1934 In
1284 1895 1397 1935 summo
1491 1915 1494 1928 ·
1546 1901 1550 1910 ·

275 1973 376 2024 monte
392 1973 539 2044 exceptus
556 1984 574 2022 a
590 1963 686 2023 Pollio
702 1972 733 2022 et
756 1962 973 2025 circumductus
997 1973 1026 2023 et
1048 1963 1147 2023 locum
1170 1968 1269 2045 ipsum
1287 1974 1317 2024 et
1333 1967 1398 2025 eins

277 2054 391 2113 cultum
425 2044 592 2114 admiratur
626 2055 732 2133 (usque
767 2052 814 2114 ad.
841 2075 871 2122 v.
897 2056 913 2114 7
919 2049 963 2134 3).
1010 2053 1088 2113 Tum
1122 2055 1226 2114 introit
1260 2052 1397 2114 domum:

279 2141 395 2202 visendi
417 2143 498 2202 vices
523 2153 642 2202 enarrat
664 2141 847 2222 uberiusque
863 2141 901 2203 de
924 2142 1083 2220 magnifica
1105 2143 1158 2202 illa
1181 2141 1281 2203 diaeta
1304 2143 1398 2204 verba

282 2232 360 2305 facit,
385 2251 464 2312 quac
478 2231 636 2313 Neapolim
660 2233 812 2312 prospicit.
837 2233 947 2313 (usque
971 2231 1053 2292 adv.
1072 2234 1136 2310 97).
1183 2231 1274 2293 Redit
1289 2231 1398 2293 deinde

283 2320 319 2380 ad
348 2323 426 2382 ruris
450 2341 523 2403 opes
547 2320 757 2382 describendas
782 2317 894 2407 (usque
911 2321 995 2385 adv.
1023 2320 1108 2405 120).
1143 2323 1250 2383 ‘lotam
1267 2322 1398 2403 denique

282 2410 413 2489 eclogam
437 2410 583 2471 claudunt
604 2411 709 2471 laudes
739 2410 828 2470 Pollii
851 2420 881 2471 et
904 2410 1016 2475 Pollae.

368 2501 477 2561 Primis
508 2502 601 2579 igitur
630 2500 768 2560 versibus
799 2501 837 2561 de
867 2502 926 2560 situ
957 2502 1048 2561 villae
1078 2510 1113 2560 nt
1143 2521 1197 2579 par
1219 2510 1265 2562 eet
1288 2504 1398 2580 agitur.

276 2592 365 2658 muri
386 2589 541 2658 Sirenum
564 2591 695 2659 nomine
724 2592 795 2657 noti
825 2594 899 2671 quin
918 2590 1098 2678 'Surrentum
1130 2590 1273 2671 oppidum
1307 2593 1397 2670 signi-

276 2680 366 2740 ficent
388 2700 541 2760 nunquam
565 2679 671 2740 debuit
685 2681 717 2740 in
742 2679 958 2740 dubitationem
975 2682 1084 2742 vocari.
1121 2680 1301 2761 Quanquam
1325 2701 1396 2742 nus·

276 2790 367 2850 quam
397 2771 501 2830 inveni
532 2769 672 2830 traditam
703 2769 781 2830 hauc
811 2771 998 2844 sententiam,
1031 2790 1070 2830 ex
1093 2790 1155 2850 qna
1177 2770 1354 2838 Surrentum
1378 2791 1398 2832 a

276 2859 431 2920 Sirenibus
462 2880 570 2920 nomen
602 2858 725 2920 duxisse
756 2859 849 2920 fertur
873 2861 1042 2941 acriterque
1064 2859 1135 2920 huic
1158 2862 1291 2941 opinioni
1315 2860 1396 2921 oblo-

278 2959 363 3010 cutus
387 2959 433 3010 est
449 2947 659 3010 Fordiuandus
674 2949 826 3015 Morellus,
839 2946 864 3028 ¹)
900 2950 1015 3010 Tamen
1038 2950 1143 3029 procul
1167 2949 1259 3011 dubio
1282 2950 1396 3012 Statius

282 3058 345 3098 eam
369 3039 519 3120 probavit.
565 3046 665 3120 Atque
688 3059 723 3100 eo
747 3039 865 3100 facilins
888 3039 998 3121 aliquis
1022 3039 1060 3099 ad
1084 3039 1162 3099 hanc
1186 3041 1397 3118 etymologiam

281 3130 374 3206 potuit
406 3130 578 3208 pervenire,
615 3128 696 3209 quod
731 3128 851 3206 publice
886 3130 1005 3190 Sirenes
1040 3129 1216 3191 colebantur
1250 3131 1395 3192 Surrenti.

281 3217 394 3278 Deinde
411 3220 549 3279 Sirenum
570 3218 714 3300 templum
736 3239 831 3299 prope
853 3218 929 3278 illud
945 3218 1088 3300 oppidum
1104 3229 1169 3280 erat
1188 3219 1394 3296 clarissimum,

279 3327 450 3388 quanquam
483 3307 520 3368 de
543 3311 602 3369 situ
630 3308 801 3387 ambigitur.
849 3310 942 3368 Porro
973 3311 1212 3389 promunturium
1243 3310 1397 3370 Minervae

277 3407 353 3458 teste
384 3397 531 3459 Strabone
554 3403 799 3478 Σειρηνουσσών
822 3392 1053 3481 ἀκρωτήριονῖ)
1084 3399 1257 3463 vocabatur.
1311 3398 1397 3459 Adde

280 3486 359 3568 quod
383 3489 414 3546 in
446 3489 514 3549 sinu
537 3488 685 3549 Paestano
708 3490 758 3548 siti
781 3499 852 3549 suut
874 3489 991 3568 scopuli
1015 3498 1073 3548 tres
1098 3489 1208 3569 quibus
1232 3489 1397 3549 Sireuussia
1505 3499 1508 3506 '

276 3596 384 3637 nomen
416 3587 488 3642 erat.
534 3578 673 3659 Denique
696 3578 901 3659 Parthenope,
925 3599 988 3637 una
1016 3598 1055 3638 ex
1078 3578 1242 3652 Sirenibus‚
1268 3579 1396 3659 Neapoli

275 3667 394 3747 sepulta
417 3687 480 3727 esse
496 3667 660 3735 ferebatur.
696 3669 840 3728 Memoria
860 3667 941 3728 haud
963 3669 1023 3728 scio
1047 3688 1087 3726 an
1109 3668 1203 3729 falsus
1228 3669 1266 3728 sit
1281 3667 1396 3728 Kerck·

277 3755 385 3818 hoffiue
417 3757 448 3834 (l.
472 3757 493 3820 l.
517 3778 548 3837 p.
574 3755 641 3840 49),
674 3758 726 3837 qui
757 3756 894 3818 Sirenum
926 3778 1025 3818 muros
1055 3757 1198 3818 Puteolos
1227 3757 1396 3836 siguificare

281 3843 361 3929 dixit,
387 3846 467 3927 quod
484 3846 627 3928 oppidum
643 3847 828 3908 nullomodo
853 3846 981 3928 quadrat
1004 3846 1042 3906 ad
1059 3846 1140 3908 hunc
1155 3846 1262 3911 locum.
1297 3849 1397 3912 Minus

278 3937 364 3996 etiam
389 3945 462 4016 apta
484 3947 531 3997 est
546 3937 622 4000 haec
645 3938 804 4018 explicatio
827 3940 866 3996 ad
888 3937 935 3998 ΠΙ
951 3941 978 4018 1,
995 3942 1047 4000 64.
1071 3936 1125 3998 ubi
1148 3936 1185 3997 de
1202 3937 1335 3999 Puteolis
1357 3934 1397 3998 ne

276 4027 401 4105 cogitari
425 4024 545 4107 quidem
568 4037 676 4107 potest.

367 4201 387 4233 ¹⁸
407 4200 576 4256 Fordinandi
594 4201 702 4258 Morelli
720 4201 750 4256 in
769 4201 853 4256 Statii
872 4200 957 4257 silvas
976 4202 1175 4258 commentarii.

366 4272 377 4304 ⁹
408 4272 497 4328 Strab.
511 4273 545 4342 V,
558 4276 611 4341 4,8
629 4291 655 4343 p.
669 4276 730 4330 247.
744 4289 834 4329 nonne
847 4274 982 4346 Σειρήνων
995 4272 1169 4328 scribendum
1183 4271 1244 4328 est?
1276 4271 1309 4326 cf.
1322 4270 1395 4327 Plin.

273 4345 347 4474 b'nl‘
358 4345 431 4475 ΒΙθίέὃ
442 4347 490 4402 62:
510 4344 675 4402 Surrentum
698 4361 758 4400 cum
777 4346 969 4417 promunturio
988 4344 1139 4440 llinervae,
1166 4343 1290 4401 Sirenum
1310 4358 1396 4412 quon·
