3440 5096
655 495 875 553 ..33-

294 673 346 730 79.
383 671 459 738 iude
486 670 574 756 oupu's
602 692 692 738 orueu
719 669 801 756 felice
828 670 971 755 Euploea
998 670 1139 738 cortule:
1172 670 1325 746 Queelriu‘s

212 759 284 842 qnod
308 759 451 820 traditum
475 769 534 820 est:
557 761 685 828 Euboea
703 758 845 841 defendit,
871 762 913 841 (p.
926 756 1009 843 XV.)
1056 760 1209 838 Intellegit
1225 771 1325 820 autem

214 852 321 926 Cumas,
355 851 442 910 cuius
473 850 575 931 oppidi
605 853 637 910 in
668 852 831 910 constituto
861 850 950 910 huius
979 848 1184 930 descriptionis
1220 849 1326 911 ordine

217 943 323 1000 omnino
347 941 434 1000 locus
459 960 519 999 non
543 949 596 1002 est.
643 939 768 1000 Accedit
796 939 874 1020 quod
905 960 943 999 ex
967 960 1019 999 ora
1042 939 1219 1000 Surrentino
1243 940 1325 1000 nullo

219 1028 295 1089 modo
319 1039 421 1110 potest
448 1031 588 1109 conspici.
635 1029 785 1090 Refellere
812 1031 931 1108 longius
954 1029 1031 1089 hanc
1059 1031 1235 1090 sententiam
1263 1050 1325 1089 non

225 1139 288 1198 opus
306 1131 361 1182 est:
392 1121 471 1178 inter
495 1139 583 1180 sanos
606 1119 741 1179 homines
766 1130 880 1180 constat
903 1119 1031 1180 Statium
1055 1122 1223 1201 scripsisse:
1256 1121 1325 1201 ‘nu-

228 1206 307 1287 ploea’
327 1209 375 1270 vel
401 1217 523 1289 propter
546 1207 620 1268 illud
646 1230 742 1288 ‘omen
765 1210 839 1269 felix
862 1241 904 1254 -
930 1211 1047 1270 carinis’
1072 1211 1107 1272 cl.
1131 1210 1176 1270 111
1203 1212 1323 1292 1‚149.

230 1297 346 1378 Plerique
368 1301 546 1378 interpretes
570 1300 626 1357 hoc
650 1320 758 1359 nomen
782 1297 820 1358 ed
844 1300 972 1360 insulem
988 1301 1119 1380 aliquam
1136 1300 1323 1378 rettulerunt,
1363 1336 1368 1346 ·

230 1408 298 1467 quom
322 1389 383 1448 sibi
411 1389 572 1470 finxerunt,
596 1391 653 1448 nisi
682 1391 749 1470 quis
773 1389 848 1450 forte
878 1389 1000 1468 ignibus
1026 1391 1229 1451 subterraneis
1259 1409 1325 1449 cem

226 1477 341 1538 berctam
375 1499 443 1538 esse
472 1481 584 1542 statuit.
630 1479 742 1540 Verum
773 1479 928 1540 Morellnm
960 1478 1070 1539 vidisse
1101 1482 1133 1539 in
1165 1479 1325 1561 propatulo

221 1577 263 1640 cst,
286 1570 337 1648 qui
362 1568 490 1630 Veneris
505 1569 658 1649 Euploeae
681 1569 825 1650 templum
848 1568 1084 1647 intellegendum
1107 1590 1172 1630 esse
1196 1571 1324 1644 censuit3

217 1657 247 1717 ol.
261 1657 374 1719 Belocb
396 1657 417 1718 l.
434 1658 452 1721 l.
469 1679 498 1738 p.
518 1663 569 1719 83.
616 1659 713 1718 Hodie
736 1658 818 1718 baud
841 1660 945 1739 procul
969 1659 1055 1720 abest
1070 1659 1198 1721 Sanctae
1214 1659 1327 1719 Lucius

215 1749 360 1824 sacellum,
385 1768 464 1828 quse
487 1760 517 1808 et
539 1750 606 1829 ipsa
629 1750 844 1826 navigantibus
867 1751 958 1811 favet.

294 1844 349 1902 80.
375 1857 514 1924 quaeque
537 1841 614 1924 ferit
630 1860 742 1905 curuos
757 1847 882 1906 esserto
898 1840 1039 1926 Mequlo'u
1056 1839 1197 1922 fluctus:
1214 1837 1326 1898 Beloch

211 1929 228 1987 l.
244 1929 261 1992 l.
285 1950 315 2009 p.
337 1933 377 1990 81
404 1930 565 2005 Megaliam
589 1929 751 2007 significari
776 1937 878 1988 censet
893 1929 1021 1989 insulam
1038 1927 1195 2005 Megarida
1219 1925 1326 2012 (castel

211 2017 253 2078 dcl
275 2017 382 2100 novo),
406 2039 485 2099 quoe
507 2029 576 2080 ante
596 2019 754 2098 Neapolim
779 2021 837 2079 sita
860 2028 915 2085 est.
962 2020 1063 2099 Atque
1086 2038 1103 2077 u
1127 2017 1326 2076 Phoenicibus

209 2111 372 2168 rectissime
398 2106 518 2168 videtur
545 2109 732 2169 contendisse
760 2119 934 2191 occupatam
964 2128 1028 2168 csse
1050 2107 1100 2167 vel
1128 2116 1251 2186 propter
1273 2107 1350 2195 illa·

208 2201 342 2259 nomina:
367 2197 470 2258 eadem
494 2200 573 2258 enim
596 2199 658 2258 fere
682 2198 840 2259 diversitas
863 2200 1018 2258 nominum
1041 2200 1072 2256 in
1095 2195 1325 2274 Carthaginien-

210 2290 278 2348 sium
313 2287 451 2367 Neapoli.
506 2289 593 2348 Hanc
620 2289 748 2360 insulam
776 2289 892 2349 Plinius
918 2285 978 2372 (ΙΙΙ
1003 2285 1058 2370 82)
1086 2287 1327 2347 commemoravit

207 2399 267 2439 osse
296 2379 377 2436 inter
400 2377 581 2457 Pausilypon
606 2387 634 2437 et
649 2378 818 2459 Neapolim.
864 2381 928 2438 Iam
953 2378 1046 2437 verba
1068 2385 1175 2457 poetae
1198 2385 1326 2436 contem·

204 2469 336 2548 plemur.
365 2473 488 2534 exserta
516 2466 624 2526 dicitnr
652 2469 764 2528 insula:
801 2469 900 2528 tenuis
929 2477 974 2528 eet
1002 2479 1030 2528 ct
1052 2469 1084 2526 in
1106 2466 1326 2544 longitudinem

204 2566 335 2618 extenta
357 2555 519 2618 secundum
543 2556 728 2620 Belochium.
776 2559 856 2636 Ergo
882 2555 1036 2637 ‘exsertus'
1065 2557 1143 2617 idem
1167 2565 1212 2616 cst
1236 2569 1327 2636 atque

203 2647 371 2727 eminens.
417 2647 527 2707 Vocem
560 2648 655 2732 feru
684 2647 881 2708 Marklandus
910 2656 1077 2728 corruptam
1106 2665 1171 2706 esse
1197 2644 1327 2706 iudicet:

201 2737 289 2797 feriri
315 2736 476 2814 Megaliam
504 2736 646 2796 fluctibus
674 2739 838 2798 rectissime
867 2736 1027 2798 contendit.
1076 2735 1134 2795 Sed
1157 2735 1238 2815 quod
1262 2755 1326 2815 pro·

204 2826 319 2907 posuit,
344 2827 465 2884 minime
487 2827 597 2906 placet.
637 2826 772 2887 Coniecit
788 2829 865 2887 enim
892 2827 1018 2908 ‘premit’
1043 2825 1079 2888 cl.
1097 2826 1189 2887 Rutil.
1205 2825 1327 2892 Namat.

202 2918 320 2976 1316:
347 2913 487 2996 ‘tenditur
510 2918 541 2974 in
564 2915 676 2976 medias
700 2937 784 2977 mons
805 2918 1004 2996 Argentarius
1027 2914 1125 2974 undas
1147 2916 1328 2995 ancipitique

201 3007 279 3083 iugo
311 3005 432 3064 caerula
460 3026 552 3064 curva
580 3008 708 3086 premit'.
756 3007 868 3068 Poetae
896 3017 995 3067 autem
1018 3026 1139 3065 manum
1163 3007 1328 3064 restituisse

200 3095 280 3154 mihi
305 3092 423 3153 videtur
446 3095 604 3160 Heinsius:
629 3097 679 3176 qui
706 3098 794 3178 ‘terit'
818 3098 982 3178 proposuit.
1008 3129 1049 3139 -
1074 3113 1182 3157 curuos
1196 3095 1327 3173 fluctus:

156 3203 158 3208 ·
202 3185 240 3246 cl.
267 3203 394 3243 curvum
416 3205 529 3265 aequor
552 3185 608 3247 Ov.
633 3195 701 3247 met.
726 3185 774 3245 XI
798 3190 872 3247 505.
897 3187 971 3249 Luc.
997 3187 1114 3248 V549.
1140 3205 1232 3244 curvo
1252 3184 1328 3242 frete

203 3273 276 3335 Val.
310 3273 408 3336 Flacc.
437 3276 452 3334 I
484 3278 556 3338 615.
603 3276 675 3336 Stat.
710 3273 809 3343 Theb,
845 3278 874 3336 ll
904 3280 978 3338 381.
1014 3276 1042 3337 V
1072 3275 1145 3336 374.
1180 3273 1228 3333 Xl
1253 3276 1327 3334 437.

201 3361 300 3426 Rutil.
323 3363 442 3426 Namat.
466 3364 485 3425 l.
510 3365 529 3426 l.
555 3364 620 3442 (ubi
644 3366 799 3445 Zumptius
823 3387 918 3447 prave
943 3365 1106 3444 explicavit
1126 3383 1229 3423 vocem
1254 3383 1327 3444 ‘cur-

202 3455 281 3529 va’).
304 3487 348 3498 --
370 3454 442 3513 Post
464 3476 493 3516 v.
523 3456 563 3514 80
593 3456 716 3530 gravius
744 3455 1020 3536 interpungendum
1050 3474 1112 3514 esse
1139 3453 1328 3514 manifestum

201 3553 262 3604 est.
319 3543 404 3602 Alias
437 3545 514 3603 enim
546 3563 610 3603 cum
642 3544 823 3605 Baehrensio
855 3567 884 3606 v.
919 3551 957 3607 81
998 3543 1136 3603 traditam
1171 3543 1329 3602 lectionem

201 3650 351 3712 spernere
378 3653 500 3693 necesse
528 3643 579 3696 est.
628 3632 738 3694 Contra
764 3637 790 3695 si
817 3636 976 3716 sequentia
1003 3655 1063 3694 non
1087 3642 1146 3692 tam
1171 3641 1235 3692 erte
1260 3653 1328 3690 con-

200 3727 377 3799 iunguntur
408 3743 474 3782 curn
507 3723 549 3784 eis
580 3743 658 3804 quae
689 3724 879 3801 antecedunt,
911 3724 986 3785 nihil
1013 3726 1072 3782 iam
1101 3725 1216 3783 exsistit
1241 3719 1327 3782 dubi·

202 3813 340 3874 tationis.

300 3905 351 3963 81.
387 3900 515 3982 cupitur
542 3906 571 3970 et
594 3901 716 3966 domiuo
740 3907 848 3967 coutro
872 3902 1038 3969 recubante
1057 3899 1228 3986 proculque
1254 3897 1329 3961 Sur-

205 3989 339 4059 reutluo
361 3995 435 4054 tuus
458 3996 579 4076 spectet
598 3992 759 4072 praetorio
775 3991 900 4056 quou:
922 3995 1110 4053 verissimum
1134 3992 1171 4051 de
1196 3991 1330 4050 hocloco

208 4083 281 4140 tulit
309 4080 451 4141 iudicium
475 4083 621 4142 Miillerus
652 4085 682 4161 (l.
706 4084 726 4144 l.
752 4103 780 4163 p.
806 4081 872 4166 36),
898 4085 950 4162 qui
982 4084 1074 4143 ullam
1104 4084 1235 4142 litteram
1265 4100 1330 4139 esse

209 4170 386 4230 mutandam
413 4183 505 4251 negat
534 4181 625 4252 atque
652 4184 809 4252 pernegat.
857 4176 901 4232 Ac
932 4174 1065 4252 profecto
1094 4173 1138 4231 nil
1160 4172 1261 4231 sanius
1286 4171 1331 4229 bis

211 4261 320 4325 verbis.
365 4261 471 4342 Neque
495 4262 575 4343 quod
599 4262 767 4322 subiectum
791 4263 969 4322 insecundo
987 4264 1141 4322 enuntiato
1159 4261 1329 4340 collocatur,

172 4403 184 4422 ‚
212 4364 257 4412 cst
280 4371 332 4411 cur
356 4353 502 4415 miremur.
547 4352 725 4433 Saepissime
750 4354 828 4412 enim
851 4353 908 4412 hoc
933 4351 1014 4433 apud
1038 4353 1167 4412 Statium
1191 4351 1329 4422 occurrit,
1357 4419 1359 4426 Ι

212 4460 305 4501 unum
333 4442 451 4521 profero
481 4442 650 4521 exemplum
673 4442 689 4501 Ι
713 4448 743 4517 3,
770 4448 821 4525 50,
852 4463 940 4523 quem
965 4444 1062 4502 locum
1087 4439 1332 4500 Wachsmuthius

1119 4565 1135 4614 3
