3440 5096
799 446 1015 502 ,24η

350 633 427 682 esset
455 622 497 680 sic
524 620 602 682 idem
632 632 722 703 atque
746 621 923 683 Corinthius.
973 622 1059 698 Quod
1089 625 1153 683 fieri
1182 645 1269 705 posse
1292 621 1349 687 non
1373 647 1464 704 nega-

350 711 453 772 verim.
501 711 578 770 Nam
602 711 656 770 Ino
681 709 815 771 Corinthi
839 709 948 770 divinis
972 713 1124 772 colebatur
1154 715 1317 776 bonoribus
1340 717 1466 776 testibus

350 801 461 860 Taetca
484 796 536 884 (ad
554 800 700 880 Lycoplrr.
722 797 797 882 107)
822 811 852 859 et
876 800 1035 862 scholiasta
1058 800 1180 863 Pindari
1204 801 1464 889 (hypoth.1sthm.

350 911 380 970 p.
407 895 478 951 514.
503 889 646 970 Boeclrh).
698 889 813 950 Tamen
841 910 1028 970 summopere
1059 889 1171 949 arridet
1198 894 1270 952 milri
1299 894 1378 974 quod
1407 896 1465 955 lm-

351 979 446 1039 hofiue
469 991 583 1039 tutatus
607 987 650 1038 eat
674 988 704 1036 et
726 981 879 1039 iuvenitur
895 982 926 1039 in
941 979 1092 1040 nonnullis
1109 979 1204 1042 libris:
1229 982 1338 1060 Lyaeo.
1379 983 1465 1060 Quod

350 1071 375 1128 si
399 1068 542 1148 probatur
571 1066 607 1126 ad
632 1067 742 1127 Bacchi
766 1069 817 1126 illa
841 1065 940 1143 ξόανα
963 1066 1151 1128 referendum
1181 1081 1233 1141 est,
1260 1091 1338 1149 quae
1361 1093 1465 1134 seeun-

351 1157 421 1217 dum
452 1153 664 1234 Pausaniam¹)
702 1156 845 1215 collocata
873 1159 956 1217 suere
983 1177 1077 1236 prope
1105 1157 1199 1219 ferum
1225 1159 1316 1220 urbis.
1365 1166 1465 1242 Atque

351 1249 424 1327 quin
448 1247 516 1305 hinc
540 1264 681 1306 ascensus
705 1246 850 1326 acropolis
873 1247 1017 1324 originem
1036 1246 1154 1304 duxerit
1176 1247 1228 1305 vix
1252 1249 1409 1327 quisquam
1434 1253 1465 1311 in

352 1336 568 1395 dubitationem
591 1333 721 1396 vocabit.
760 1335 867 1414 Neque
891 1336 1000 1396 iniuria
1015 1335 1151 1396 Bacchus
1172 1337 1357 1414 potissimum
1375 1339 1465 1398 Inous

351 1425 527 1504 appelletur,
553 1433 657 1503 utpote
684 1443 772 1503 quem
804 1424 978 1484 educaverit
1001 1426 1054 1484 Ino
1087 1435 1152 1503 post
1180 1425 1310 1485 Semeles
1341 1441 1463 1486 mortem

351 1515 386 1576 cl.
412 1514 451 1592 Il,
480 1518 507 1587 1,
534 1513 584 1572 98.
632 1513 745 1572 Tamen
770 1523 882 1573 certum
906 1511 1048 1573 iudicium
1072 1515 1150 1574 ferre
1173 1533 1232 1574 non
1259 1517 1368 1578 ausim:
1408 1517 1462 1576 llo·

350 1603 423 1661 mitii
447 1603 645 1660 coniecturam
668 1601 844 1662 refutavisse
867 1613 913 1660 sat
935 1600 1040 1666 habeo.

440 1695 490 1750 30.
515 1711 593 1774 κον,
622 1691 703 1756 mter·
726 1693 755 1758 ον’
779 1698 907 1758 attactos
932 1692 1066 1760 Helicon
1093 1693 1258 1778 ludulpeut
1280 1713 1404 1760 amaea:
1432 1695 1461 1753 iu

352 1780 496 1839 Helicone
520 1780 617 1840 fontes
641 1779 714 1840 duos
738 1800 812 1852 ease,
837 1783 1020 1862 Aganippea
1045 1794 1075 1842 et
1090 1783 1312 1863 Hippocrenen,
1337 1803 1375 1842 ex
1398 1784 1461 1863 qui·

350 1869 406 1930 bus
439 1878 544 1949 poetae
574 1870 693 1929 haurire
724 1868 863 1930 dicuntur
898 1911 938 1921 -
975 1873 1068 1932 Musis
1099 1875 1177 1931 enim
1207 1881 1277 1931 sunt
1308 1871 1397 1932 dicati
1424 1911 1459 1922 -

350 1961 428 2019 inter
452 1979 552 2019 omnes
569 1968 691 2020 constat
730 1959 871 2020 Centoras
887 1961 927 2019 sis
945 1960 982 2019 ad
1000 1971 1091 2020 totam
1109 1963 1301 2027 sententiam:
1327 1962 1350 2035 1,
1369 1967 1399 2033 4,
1413 1967 1463 2025 25.

350 2051 422 2112 Ans.
447 2050 519 2111 Mos.
543 2053 616 2110 446.
666 2051 846 2128 Aganippen
875 2059 904 2107 et
928 2051 1139 2131 Hippocrenen
1168 2051 1293 2110 tortasse
1317 2051 1466 2128 significat

352 2138 503 2198 Iuvenalis
527 2157 659 2218 quoque:
695 2146 749 2196 sat.
777 2142 804 2212 7,
831 2142 880 2202 59.
910 2139 947 2199 cf.
982 2139 1069 2220 Prop.
1093 2139 1140 2202 lV
1165 2138 1218 2223 (V)
1244 2147 1272 2221 6,
1295 2146 1326 2206 4.
1363 2139 1465 2203 Claud.

350 2229 434 2308 epist.
468 2225 505 2285 ad
537 2227 598 2288 Ser.
634 2231 683 2287 01.
747 2226 979 2306 Lundstroem2)
1012 2227 1050 2286 ad
1082 2231 1121 2310 V,
1147 2230 1184 2301 5,
1211 2233 1237 2289 2.
1270 2264 1312 2274 —
1344 2241 1466 2291 cunctos

350 2335 453 2375 amnes
476 2315 533 2375 sibi
556 2316 702 2375 Helicona
726 2317 791 2376 vult
815 2316 982 2398 indulgere,
1006 2337 1073 2376 uam
1103 2328 1147 2377 est
1170 2337 1208 2376 ex
1232 2320 1274 2378 eis
1298 2321 1350 2398 qui
1373 2329 1465 2378 totam

352 2405 468 2464 soleant
496 2404 617 2464 haurire
641 2407 823 2486 Aganippea
846 2409 930 2485 (Aue.
956 2407 974 2470 l.
999 2403 1033 2488 l.)
1062 2405 1111 2465 vel
1135 2408 1187 2486 qui
1210 2408 1322 2466 siccent
1350 2428 1463 2466 sacrem

275 2489 277 2496 '
351 2496 436 2570 largo
465 2493 653 2554 Permessida
681 2515 732 2554 ore
761 2497 860 2569 (Mart.
884 2495 969 2574 V111,
998 2499 1046 2570 70,
1075 2491 1123 2577 3);
1153 2496 1255 2555 confer
1283 2497 1372 2554 etiam
1395 2497 1410 2554 I
1435 2501 1464 2574 2,

352 2588 431 2646 259:
458 2585 567 2643 sociam
592 2584 686 2644 doctis
710 2584 863 2644 haurimus
886 2585 925 2644 ab
948 2586 1085 2644 amnibus
1109 2584 1246 2644 nudam.-

442 2675 492 2734 37.
519 2680 547 2740 et
569 2680 694 2758 superet
709 2672 822 2758 Papleo
845 2675 948 2741 sitim:
972 2675 1008 2736 cf.
1027 2676 1040 2732 Ι
1057 2679 1087 2755 4,
1105 2677 1158 2736 26:
1184 2711 1225 2722 -
1245 2709 1283 2718 -
1304 2673 1466 2752 —Piplea

352 2764 439 2824 sitim.
473 2799 514 2808 -
543 2763 647 2842 Piplea
678 2764 743 2822 fons
775 2775 819 2823 est
851 2783 943 2843 prope
966 2761 1126 2844 Olympum
1158 2765 1241 2822 situs.
1274 2762 1311 2824 cl.
1337 2762 1465 2840 Hesych.

351 2874 373 2917 s,
399 2874 441 2914 v.:
475 2855 615 2912 ΙΙίπλειαι
647 2853 676 2912 οἱ
701 2858 823 2913 Μοῦσαι
853 2852 887 2913 ἐν
918 2858 962 2935 τῷ
993 2853 1197 2934 Μακεδονικῷ
1221 2847 1362 2932 Ὀλύμπῳ
1403 2846 1465 2912 ἀπὸ

351 2938 466 3019 κρήνης
490 2945 645 3014 ΙΙικλείας.
658 2941 682 3022 ³)
712 2977 752 2988 -
783 2943 920 3022 Utroque
948 2942 1034 3002 Statii
1063 2942 1126 3002 loco
1157 2943 1252 3001 forma
1278 2935 1400 3026 tPiplea'
1434 2943 1465 3000 in

352 3033 517 3090 Matritensi
549 3031 661 3108 legitur
692 3051 781 3110 quam
810 3033 851 3091 ob
881 3052 942 3091 rem
974 3032 1051 3091 hanc
1083 3030 1238 3091 lectionem
1270 3032 1388 3094 retinui.
1434 3031 1465 3089 Si

352 3121 458 3199 Piplea
481 3121 559 3178 sitim
584 3135 705 3200 superat
728 3121 796 3199 plus
820 3121 944 3200 praebet
968 3141 1057 3201 quam
1081 3123 1145 3201 ipse
1169 3131 1257 3200 poeta
1272 3119 1376 3180 voluit.
1416 3119 1465 3179 Sic

351 3219 431 3270 reete
454 3210 616 3289 explicavit
639 3209 780 3270 Barthiue
803 3230 901 3290 neque
925 3212 1084 3290 quicquam
1108 3223 1211 3269 eontra
1233 3211 1347 3269 faciunt
1371 3210 1466 3268 hario-

352 3299 477 3359 latioues
502 3297 683 3361 Cruceanae.
708 3297 807 3382 (diatr.
831 3300 860 3358 ll
885 3321 913 3379 p.
940 3298 1005 3381 28.)

441 3389 586 3472 turpeque
621 3389 760 3456 voluntte
794 3389 919 3468 ιινιροῐο
954 3388 1148 3471 sedataque·
1187 3386 1286 3474 ‘sedet'
1312 3399 1464 3448 exaratum

355 3485 400 3534 est
429 3477 459 3534 in
491 3476 666 3542 Matritensi.
713 3478 848 3537 Retinuit
876 3478 954 3537 hanc
982 3478 1138 3537 lectionem
1169 3479 1316 3538 Domitius
1344 3477 1465 3557 supple-

352 3567 456 3644 vitque
488 3586 526 3624 ex
558 3568 713 3626 enuntiato
745 3566 951 3627 antecedente:
982 3567 1068 3630 sitim.
1121 3570 1223 3648 Atque
1253 3569 1330 3626 sitim
1361 3566 1465 3626 sedare

351 3656 542 3715 usitatissima
570 3666 616 3715 est
642 3656 750 3716 locutio
782 3656 818 3719 cl.
843 3656 930 3717 Lucr.
955 3657 985 3716 ll
1010 3658 1083 3719 664.
1129 3657 1172 3717 1v
1200 3658 1272 3717 847.
1320 3654 1375 3715 Ov.
1399 3667 1465 3714 met.

352 3744 478 3804 111415
504 3745 542 3804 al.
589 3744 649 3804 Sed
672 3754 753 3805 recte
776 3745 848 3804 mihi
872 3744 990 3806 videtur
1006 3745 1176 3806 Gronovius
1201 3745 1286 3806 diatr.
1312 3747 1371 3824 Ip.
1396 3747 1464 3806 187.

349 3887 468 3895 *-

441 3953 462 4025 ι)
481 3955 510 4007 II
524 3957 587 4019 2,6;
607 3955 678 4005 ἔστιν
697 3953 746 4005 οὖν
768 3955 811 4006 ἐπὶ
835 3957 880 4020 τῆς
898 3955 997 4025 ἀγορᾶς
1015 3986 1048 3995 -
1068 3954 1191 4006 ἐνταῦθα
1210 3953 1260 4026 γὰρ
1283 3952 1393 4006 πλεῖστά
1412 3955 1466 4006 ἐστι

351 4027 407 4077 τῶν
427 4027 505 4096 ὶοριῖιν
525 4057 557 4066 -
572 4025 692 4097 Ἄρτεμίς
710 4045 739 4076 τε
759 4024 892 4092 ἐπίκλησιν
905 4026 1012 4095 Ἐφεσία
1032 4031 1075 4077 καὶ
1089 4027 1221 4078 Διονύσου
1240 4026 1323 4085 ξόανα
1342 4027 1465 4098 ἐπίχρυσοι

350 4095 421 4163 πλὴν
440 4098 497 4148 τῶν
515 4099 678 4168 προσιόντων·
698 4097 732 4149 τοὶ
757 4095 785 4149 δὲ
803 4099 932 4168 πρόσωπα
952 4096 1045 4167 άλοιφῖ,
1072 4118 1158 4167 σφισιν
1176 4099 1279 4170 ἐρυθρᾷ
1300 4099 1466 4166 κεκόσμηται,

351 4169 449 4222 Λύσιον
468 4167 505 4227 δὲ,
524 4168 574 4220 τὸν
593 4167 622 4220 δὲ
641 4171 773 4234 Βάκχειον
791 4169 977 4236 ὀνομάζουσιν.

442 4242 464 4302 ²)
484 4241 660 4308 quaestiones
679 4241 856 4311 Papinianae‚
876 4240 939 4295 diss.
961 4241 1115 4309 Upsaliens.
1137 4243 1212 4296 1893.
1233 4259 1259 4310 p.
1279 4244 1320 4298 36.

442 4312 464 4382 ³¹)
484 4313 538 4367 nisi
557 4313 650 4381 glossa
663 4314 792 4368 lacunosa
810 4317 862 4379 est,
880 4314 1083 4381 transponenda
1102 4319 1168 4367 sunt
1180 4313 1266 4370 verba
1278 4314 1332 4371 sic:
1351 4317 1378 4364 aa
1392 4313 1465 4367 Mot-

351 4402 393 4434 σαι
411 4381 467 4434 ἀπὸ
486 4385 580 4456 κρήνης
600 4382 727 4440 [dalaias
746 4385 775 4436 ἐν
794 4387 833 4448 τῷ
852 4381 1028 4449 Μακεδονικῷ
1045 4385 1173 4451 Ὀλύμπῳ.
