3440 5096
789 483 1007 542 ..64-

341 659 479 720 odorasse
505 660 563 720 sibi
590 659 673 720 visus
705 666 756 720 est.
802 657 966 719 Videamus
995 669 1095 719 antem
1124 679 1203 741 quae
1227 662 1265 721 sit
1289 662 1378 722 totius
1399 657 1458 721 loci

341 748 464 810 indoles.
512 748 656 810 Concedit
687 757 776 829 poeta
807 749 838 807 in
869 750 967 828 patria
999 751 1118 810 vincere
1147 772 1206 810 non
1235 753 1340 811 summi
1369 750 1457 829 pretii

342 859 415 920 esse,
439 859 499 899 non
523 840 721 900 testimonium
752 858 816 899 esse
843 838 978 898 sublimis
1005 836 1133 918 ingenii:
1165 861 1201 901 ex
1226 861 1297 906 casu
1320 843 1458 901 nimirum

342 949 432 1009 saepe
456 929 567 1009 pendet
590 930 721 990 victoria.
754 926 832 1003 Quid
857 937 955 988 autem
980 938 1025 988 est
1046 931 1078 988 in
1093 927 1221 989 Graecia
1237 932 1367 1006 vincere,
1392 950 1458 990 curn

341 1020 516 1078 continuata
544 1021 621 1079 seris
650 1019 844 1078 certaminum
872 1017 1137 1098 Neapolitanorum
1167 1020 1251 1080 nullo
1282 1030 1368 1101 pater
1398 1038 1458 1079 uon

342 1110 448 1167 vicerit
480 1109 529 1167 vel
553 1119 588 1168 ut
611 1106 735 1167 eandem
759 1109 935 1167 sententiam
959 1108 1137 1168 affirmative
1161 1111 1339 1189 exprimam:
1364 1110 1458 1190 pluris

338 1197 561 1258 aestimandum
587 1206 632 1256 cst
655 1200 796 1256 continuo
822 1198 936 1257 civibus
961 1199 1021 1256 suis
1037 1198 1185 1277 placuisse
1201 1219 1289 1278 quam
1315 1198 1406 1260 semel
1428 1199 1458 1256 in

343 1287 459 1347 Graeco
487 1288 588 1366 aliquo
616 1306 712 1364 agone
740 1288 847 1346 vicisse
871 1286 920 1347 vel
944 1286 1051 1365 Pythio
1076 1288 1122 1347 vel
1145 1286 1305 1347 Isthmiaco
1329 1289 1377 1348 vel
1400 1288 1458 1348 Ne·

341 1397 452 1437 moseo.
501 1377 549 1434 An
578 1395 615 1435 ex
639 1375 695 1434 boc
719 1377 873 1436 enuntiato
898 1375 1033 1455 officitur,
1064 1386 1097 1435 ut
1124 1376 1174 1435 ille
1202 1395 1307 1436 revera
1336 1376 1459 1436 Graecis

341 1464 419 1524 ludis
442 1465 567 1524 vicerit?
612 1465 749 1538 Minime,
781 1466 870 1523 immo
894 1466 1086 1526 contrarium:
1111 1485 1171 1524 non
1194 1465 1266 1526 vicit
1289 1466 1346 1524 nisi
1370 1463 1457 1544 domi,

340 1553 392 1615 ssd
416 1554 458 1613 ibi
482 1553 684 1632 compluribus
708 1551 785 1612 ludis
809 1553 956 1611 continuis
980 1571 1040 1611 non
1064 1552 1177 1615 cecidit.
1216 1555 1299 1614 Haec
1322 1553 1459 1612 concludi

342 1663 427 1724 posse
452 1663 490 1702 ex
512 1643 568 1702 boc
592 1643 655 1702 loco
680 1662 733 1722 pro
757 1641 911 1721 explorato
936 1639 1043 1716 babeo,
1067 1643 1108 1700 nil
1133 1641 1223 1703 aliud.

432 1732 492 1792 Sed
523 1734 662 1812 quoniam
698 1730 735 1789 ad
767 1731 847 1790 hunc
877 1731 972 1791 locum
1005 1750 1058 1791 nos
1089 1730 1320 1812 applicavimus,
1356 1729 1459 1789 licebit

344 1824 431 1882 etiam
456 1824 560 1902 paucis
584 1821 729 1883 versibus
745 1829 813 1901 post
836 1840 1090 1902 supervacaneam
1119 1821 1236 1882 abicere
1259 1821 1458 1880 coniecturam

343 1910 528 1986 Marklandi,
562 1913 608 1971 cui
633 1912 720 1970 nimis
751 1929 859 1992 pronas
890 1911 939 1971 hic
969 1930 1056 1971 aures
1084 1911 1225 1996 praebuit
1249 1909 1458 1975 Baehrensius,

343 2003 417 2061 Rem
445 2002 540 2083 ipsam
570 2002 628 2061 iam
653 2002 802 2060 Henricus
829 2001 972 2060 Miillerus
1001 2001 1033 2080 (l.
1063 2002 1083 2065 l.
1108 2022 1137 2081 p.
1166 2002 1222 2080 49)
1250 2001 1377 2080 notavit,
1408 1997 1460 2058 sed

343 2091 511 2171 complures
533 2091 613 2150 locos
629 2091 739 2180 pmisit,
764 2089 874 2171 quibus
892 2090 993 2151 oblata
1010 2093 1164 2151 occasione
1180 2092 1306 2151 lectores
1322 2086 1462 2148 fraudare

343 2181 442 2240 nolim.
489 2181 585 2241 Versu
609 2182 686 2242 onim
713 2183 773 2241 147
800 2180 964 2259 asyndeton
989 2200 1058 2240 vere
1083 2180 1250 2240 Statianum
1268 2178 1461 2239 -conferas

344 2273 383 2329 sis
407 2269 525 2330 Miilleri
553 2269 692 2350 exempla
716 2303 758 2316 -
788 2289 841 2330 cur
869 2268 1021 2330 deleamus
1049 2291 1107 2330 non
1135 2269 1233 2333 video.
1281 2266 1339 2329 Sed
1362 2267 1462 2328 nescio

345 2379 403 2440 quo
427 2358 512 2418 modo
529 2359 697 2434 Miillerum,
723 2360 774 2438 qui
796 2358 874 2419 idem
891 2359 956 2418 aliis
972 2359 1045 2419 locis
1061 2369 1144 2421 reete
1159 2360 1298 2434 restituit,
1314 2358 1363 2416 bio
1378 2358 1461 2416 locus

343 2449 431 2526 fugit.
462 2449 513 2511 cfr.
542 2451 631 2508 etiam
659 2449 687 2507 V
713 2453 741 2522 2,
761 2451 812 2508 22.
842 2449 888 2509 Ill
913 2449 943 2521 3,
961 2451 1017 2509 4οτ
1048 2449 1225 2509 Schaeferus
1249 2450 1282 2525 (l.
1306 2448 1326 2512 l.
1351 2468 1380 2527 p.
1406 2447 1461 2524 40)

344 2537 507 2617 asyndeton
535 2539 664 2599 restituit
697 2555 826 2617 eumque
849 2537 1015 2598 Lotticbius
1024 2534 1050 2618 1)
1075 2547 1194 2599 secutus
1224 2547 1278 2600 est.
1326 2537 1352 2596 V
1379 2541 1406 2615 5,
1420 2539 1460 2596 45

348 2627 592 2689 Lundstroemius
615 2628 634 2691 l.
657 2627 676 2690 l.
699 2648 729 2706 p.
756 2631 807 2690 51.
831 2636 938 2708 poetae
962 2646 1047 2687 suum
1073 2626 1208 2692 reddidit,

434 2722 478 2775 Ao
509 2737 548 2777 ne
579 2717 608 2775 in
641 2737 671 2782 v.
706 2719 766 2778 175
798 2727 845 2776 sat
875 2725 962 2777 caute
992 2717 1296 2798 egit-Baehrensius,
1327 2717 1379 2798 qui
1409 2734 1463 2794 pro

333 2800 486 2892 '‘decepto'
517 2827 555 2866 ex
584 2826 639 2866 sua
667 2807 838 2867 coniectura
864 2801 1019 2892 ‘despecto'
1049 2809 1080 2866 in
1108 2816 1223 2867 textum
1248 2807 1382 2886 recipere
1405 2824 1463 2864 non

346 2896 504 2960 dubitavit.
551 2896 661 2974 Agitur
685 2906 785 2957 autem
810 2895 847 2956 de
871 2896 986 2976 Sibylla
1009 2895 1144 2957 Cumana
1168 2916 1247 2978 quae

527 3040 624 3100 minas
648 3038 749 3099 divum
772 3039 995 3121 Parcarumque
1018 3051 1086 3100 acta
1109 3040 1238 3101 canebat

528 3129 665 3210 quamvis
688 3128 813 3210 decepto
837 3139 920 3188 vates
944 3151 1002 3190 non
1026 3132 1112 3190 irrita
1136 3130 1269 3193 Phoebo.

348 3270 502 3348 Quomodo
526 3282 626 3332 autem
650 3272 803 3332 Phoebum
826 3272 943 3352 Sibylla
959 3271 1119 3355 deceperit,
1144 3273 1253 3354 optime
1277 3273 1465 3352 cognoscitur

347 3383 384 3422 ex
408 3360 526 3441 Ovidio,
551 3363 603 3443 qui
626 3363 657 3420 in
681 3370 798 3426 metam.
814 3361 890 3424 XIV
910 3363 1083 3424 tot-153
1108 3364 1172 3424 eius
1195 3364 1328 3424 fabulam
1345 3381 1465 3423 enarra·

347 3453 399 3514 vit.
446 3451 586 3513 Phoebus
616 3453 694 3512 enim
722 3453 843 3534 puellae
867 3452 1000 3532 Sibyllae
1024 3473 1123 3513 amore
1147 3463 1252 3533 captus
1278 3453 1357 3536 ,dum
1381 3470 1466 3532 prae-

350 3561 538 3622 corrumpere
555 3537 648 3602 donis'
666 3562 731 3601 eam
749 3544 840 3624 cupit,
865 3543 937 3622 quid
954 3551 1072 3622 optaret
1089 3545 1246 3623 quaesivit,
1269 3545 1346 3604 votis
1363 3542 1466 3602 solutis

347 3631 467 3712 puellae
495 3651 625 3692 amorem
655 3652 687 3692 se
716 3631 921 3692 assecuturum
946 3643 1037 3694 ratus.
1084 3632 1144 3693 Sed
1168 3653 1237 3713 spes
1260 3653 1328 3692 eum
1351 3631 1467 3694 fefellit.

347 3721 438 3780 Petiit
460 3723 540 3782 enim
563 3721 650 3800 virgo
676 3733 760 3804 ‘quot
791 3721 918 3783 haberet
941 3742 1066 3802 corpora
1089 3723 1189 3804 pulvis
1211 3733 1256 3782 tot
1280 3722 1337 3782 sibi
1352 3721 1468 3782 natales

348 3811 539 3886 contingere'.
598 3811 691 3872 Prece
722 3821 821 3872 autem
852 3823 975 3892 peracta
1005 3814 1119 3892 sprevit
1146 3813 1295 3893 Apollinis
1327 3831 1466 3872 amorem.

348 3901 428 3979 llige
451 3921 509 3960 non
534 3912 579 3960 est
602 3921 654 3960 eur
680 3897 821 3984 ‘decepto’
846 3902 1012 3964 reiciamus.

441 3991 487 4052 Ex
511 3992 553 4050 eis
577 3991 649 4052 locis
673 3991 783 4071 quibus
807 4011 961 4072 uunquam
989 3992 1109 4071 requies
1139 3988 1225 4051 datur
1254 3990 1373 4051 videtur
1403 4011 1468 4052 esse

349 4100 377 4143 v.
418 4081 489 4142 171.
537 4079 698 4160 Postquam
735 4082 847 4142 Statius
881 4091 964 4158 pater
995 4081 1124 4162 Neapoli
1156 4078 1259 4142 ludum
1292 4080 1468 4141 litterarium

349 4167 491 4243 condidit,
515 4168 649 4249 undique
677 4170 926 4232 confluxerunte
958 4191 1068 4250 magna
1100 4169 1295 4232 Graecia-
1328 4173 1469 4251 quoniam

348 4432 421 4507 burg·
440 4361 599 4506 ¹y8p³patpusy
626 4362 823 4436 Trostgedioht
851 4381 886 4420 an
914 4363 1045 4421 Claudius
1073 4363 1217 4424 Etruscus.
1263 4381 1356 4436 progr.
1385 4365 1469 4421 Ham·
