3440 5096
818 461 1038 522 ...60-

370 641 490 703 minima
522 642 643 724 quidem
667 640 837 704 offensionis
867 661 939 701 ansa
965 661 1034 702 vere
1065 651 1169 707 exstat.
1216 642 1345 706 Proinde
1368 644 1485 706 fortiter

369 733 527 794 reiciamus
555 733 731 794 Baehrensii
762 734 962 793 coniecturam
995 730 1195 814 traditamque
1225 754 1365 796 versuum
1397 737 1484 797 collo·

369 822 514 882 nationem
539 825 738 886 restituamus.

459 913 560 994 Atque
584 913 659 973 haec
683 911 802 994 quidem
835 911 871 972 de
895 932 1034 974 versuum
1066 913 1306 992 transpositione.
1353 915 1417 975 Iam
1448 915 1485 975 de

370 999 486 1061 lacunis
509 1001 676 1065 statuendis
700 1022 797 1082 pauca
820 1001 925 1066 dicam.
973 1001 1019 1060 De
1043 1002 1257 1082 quibusquam
1281 1015 1360 1064 recte
1377 1005 1485 1065 Koest-

367 1091 458 1150 linius
490 1089 522 1174 (l.
553 1093 569 1152 l.
594 1114 623 1171 p.
651 1093 725 1168 514)
757 1090 943 1173 iudicaverit,
976 1092 1063 1152 facile
1092 1093 1258 1172 apparebit.
1305 1093 1484 1156 Certissimis

369 1183 448 1242 enim
471 1181 636 1242 rationibus
660 1179 741 1240 ducti
765 1202 867 1242 versus
891 1192 943 1243 aut
958 1182 1091 1258 singulos
1114 1190 1167 1240 aut
1183 1181 1283 1258 plures
1300 1182 1484 1246 intercidisse

369 1271 521 1330 coniecere
546 1270 744 1331 Baehrensius
769 1272 806 1348 (V
833 1274 949 1344 3,129.
975 1271 1005 1331 ΙΙ
1030 1275 1058 1344 2,
1085 1270 1181 1350 tra),
1207 1271 1484 1354 Wachsmuthius¹)

368 1360 396 1441 (1
428 1355 538 1442 6,77),
563 1359 712 1420 Hernicus
740 1361 885 1420 Miillerus
918 1361 993 1436 (1.1.
1026 1382 1055 1438 p.
1083 1354 1135 1441 16)
1170 1360 1229 1438 (ΙΙΙ
1261 1359 1399 1443 3,141);
1432 1363 1484 1423 sed

370 1458 500 1509 statuere
525 1449 582 1508 viri
610 1448 688 1508 docti
713 1450 802 1508 etiam
834 1449 965 1520 lacunas,
991 1448 1042 1508 ubi
1074 1450 1168 1508 oratio
1200 1451 1318 1526 integra
1348 1451 1414 1510 fluit
1437 1454 1486 1513 vel

369 1539 484 1597 leniore
508 1540 673 1598 mutatione
696 1547 796 1598 textus
820 1537 858 1596 ad
882 1539 1044 1614 genuinam
1068 1539 1191 1596 formam
1217 1540 1350 1598 revocari
1373 1549 1484 1614 potest:

368 1627 461 1688 veluti
485 1627 584 1708 postI
609 1632 636 1702 1,
652 1630 701 1688 28.
728 1631 779 1688 37.
804 1627 819 1686 Ι
845 1629 874 1700 2,
889 1629 917 1688 6.
940 1627 956 1685 Ι
980 1627 1010 1697 3,
1026 1629 1053 1686 9.
1082 1625 1131 1688 70.
1157 1627 1483 1703 116,14.V3‚182

368 1717 406 1778 al.
446 1716 493 1776 De
515 1717 629 1796 primae
652 1717 740 1795 primi
763 1716 832 1775 libri
857 1717 978 1793 eclogae
994 1737 1023 1776 v.
1042 1719 1082 1776 28
1100 1735 1192 1795 supra
1212 1719 1328 1792 egimus
1351 1719 1483 1797 itemque

368 1805 406 1865 de
428 1806 442 1865 1
467 1807 497 1879 3,
512 1805 562 1869 70.
585 1806 616 1866 11
641 1809 737 1882 6,14,
762 1805 798 1865 de
821 1805 836 1866 l
863 1811 890 1879 1,
906 1807 945 1866 37
970 1825 1033 1865 rem
1057 1804 1185 1864 absolvit
1208 1804 1389 1867 Brandesius
1413 1805 1483 1889 (1.1,

368 1918 398 1976 p.
425 1892 512 1980 573).
560 1894 606 1954 De
636 1905 721 1955 sexto
745 1895 928 1976 epithalamii
953 1915 1042 1956 versu
1065 1895 1169 1975 paucis
1192 1915 1317 1972 agamus
1342 1895 1371 1976 (Ι
1396 1900 1424 1975 2,
1440 1894 1482 1980 6).

369 1985 501 2046 Verbum
519 1986 596 2045 enim
613 1986 728 2045 finitum
745 1985 814 2047 huic
832 1986 985 2046 enuntiato
1002 1984 1104 2046 deesse
1122 1983 1274 2044 contendit
1287 1984 1484 2046 schwartzius

369 2076 401 2153 (l.
426 2075 446 2134 l.
471 2096 498 2155 p.
527 2071 592 2157 14),
638 2075 736 2136 Locus
760 2086 860 2136 antem
883 2075 932 2134 hic
955 2085 1012 2135 est:

741 2183 845 2266 procul
869 2201 936 2242 ecce
961 2202 1069 2241 canoro

529 2271 698 2349 demigrant
720 2272 865 2332 Helicone
889 2269 962 2331 deae
987 2274 1189 2350 quatiuntque
1212 2291 1330 2332 novena

527 2360 667 2441 lampade
691 2361 864 2421 sollemnem
887 2360 1026 2422 thalamis
1051 2361 1226 2421 coeuntibus
1250 2363 1350 2438 ignem

529 2461 559 2510 et
582 2450 619 2510 de
643 2451 748 2510 Pieriis
771 2450 904 2510 vocalem
927 2451 1060 2510 fontibus
1083 2449 1205 2515 undam.

368 2577 425 2636 Per
448 2575 575 2652 figuram
601 2595 679 2653 quae
707 2593 833 2650 neugma
856 2584 990 2648 vocatur,
1023 2569 1086 2636 ἀπὸ
1110 2580 1219 2634 κοινοῦ
1242 2586 1276 2635 ut
1299 2579 1485 2679 grammatici

369 2664 471 2724 dicunt
501 2667 629 2744 positum
662 2673 706 2723 est
695 2663 860 2723 tverbum
895 2659 1064 2749 quatiunt.
1135 2664 1290 2740 Significat
1314 2667 1391 2724 enim
1435 2667 1485 2725 ad·

368 2756 468 2816 ferunt
491 2747 688 2834 quatientee’:
713 2753 792 2813 unde
816 2773 934 2833 promas
958 2752 1031 2812 illud
1057 2749 1227 2837 adferunt',
1251 2763 1285 2813 ut
1308 2756 1346 2814 sit
1368 2755 1485 2834 praedi-

369 2853 466 2903 catum
491 2863 596 2903 versus
620 2845 705 2906 sexti.
753 2842 973 2921 Saepenumero
997 2851 1097 2902 autem
1121 2844 1178 2902 hac
1201 2843 1321 2904 licentia
1344 2865 1417 2904 usus
1442 2855 1485 2904 est

368 2933 481 2994 Statius
505 2933 541 2991 cf.
560 2952 585 2993 e
604 2952 631 3005 g.
649 2933 664 2992 1
691 2939 717 3012 1,
733 2938 771 2995 81
798 2953 864 2992 cum
882 2931 1053 2992 Volclrmari
1077 2932 1280 2994 adnotatione.
1320 2934 1334 2993 Ι
1357 2938 1385 3014 2,
1407 2939 1483 2995 148:

367 3023 416 3082 hic
432 3022 564 3101 Libycus
587 2983 798 3103 Phrygiisque
822 3023 898 3081 silex
922 3025 1070 3098 <exstare
1073 3025 1138 3100 t>,
1163 3023 1211 3082 hic
1236 3021 1309 3082 dura
1333 3024 1484 3084 Laconum

368 3133 443 3171 saxa
466 3113 571 3173 virent.
611 3111 685 3186 Va,
703 3117 756 3172 12:
782 3114 849 3192 quis
873 3112 966 3170 sterili
990 3133 1056 3171 mea
1080 3111 1170 3171 corda
1194 3114 1253 3172 situ
1273 3114 1483 3192 <velavit>,

369 3204 436 3281 quis
459 3200 600 3281 Apolline
625 3221 720 3262 merso
743 3200 853 3279 frigida
877 3200 1036 3260 damnatae
1065 3199 1227 3281 praeduxit
1251 3202 1354 3261 nubila
1383 3207 1484 3277 menti,

370 3311 458 3370 quem
483 3290 581 3349 locum
606 3311 762 3370 perperam
786 3290 950 3369 explicavit
973 3291 1042 3352 Otto
1068 3291 1100 3367 (l.
1117 3291 1135 3352 l.
1161 3313 1189 3370 p.
1209 3295 1285 3371 544)
1310 3291 1484 3372 repudiatus

368 3401 386 3438 a
410 3378 637 3439 Lundstroemio
662 3381 695 3457 (l.
720 3383 739 3442 l.
766 3402 794 3461 p.
821 3382 876 3458 78)
901 3381 936 3441 cf.
964 3383 988 3438 V
1014 3385 1043 3453 5,
1058 3383 1110 3445 44.

457 3468 558 3528 Posti
576 3474 606 3550 3,
621 3473 639 3530 9
656 3469 765 3530 ibidem
782 3470 981 3529 Schwartaius
998 3472 1177 3529 assentiente
1190 3470 1292 3530 Leone
1308 3471 1340 3551 (l.
1354 3474 1372 3534 l.
1386 3494 1414 3552 p.
1432 3472 1485 3550 15)

368 3577 486 3618 versum
511 3556 656 3618 excidisse
673 3559 842 3633 affirmavit,
867 3560 968 3638 plures
989 3561 1160 3639 nuperrime
1176 3561 1324 3620 Henricus
1341 3562 1485 3622 Miillerus

368 3648 492 3708 haustos
516 3667 580 3708 esse
603 3648 712 3708 lacuna
736 3648 897 3711 contendit.
943 3649 1057 3708 Tamen
1086 3652 1244 3729 quominus
1268 3651 1345 3710 hanc
1369 3661 1485 3710 senten·

369 3738 439 3796 tiam
458 3737 580 3817 probem
596 3738 720 3817 impedit
736 3739 859 3818 egregia
881 3738 1096 3798 Wachsmuthii
1110 3741 1309 3820 praeceptoris
1324 3739 1484 3800 illustrissi-

369 3829 409 3886 mi
435 3827 614 3898 coniectura,
640 3848 701 3906 qua
723 3838 842 3908 recepta
866 3827 949 3887 nulla
980 3828 1148 3888 offensionis
1179 3850 1269 3890 causa
1297 3829 1484 3910 relinquitur.

370 3918 399 3976 Is
421 3917 498 3975 enim
523 3917 636 3976 cumin
660 3919 816 3977 seminario
833 3917 1015 3996 philologico
1030 3919 1107 3977 hanc
1129 3919 1263 3995 eclogam
1288 3919 1373 3978 nobis
1396 3921 1485 3980 inter·

370 4002 547 4086 pretendam
578 4016 772 4086 proponeret,
805 4027 876 4067 usus
900 4007 1012 4066 Hahnii
1037 4009 1206 4067 coniectura
1217 4010 1241 4087 2)
1273 4009 1314 4066 sic
1342 4007 1422 4069 hunc
1444 4009 1484 4068 lo·

369 4116 436 4154 cum
459 4095 588 4156 sanavit:

498 4204 562 4282 ipsa
586 4222 676 4262 manu
699 4212 801 4263 tenera
824 4212 933 4264 tectum
957 4204 1165 4288 inscripsimus
1193 4204 1351 4292 Voluptas

461 4343 482 4412 ¹)
501 4357 570 4396 mus.
589 4339 677 4396 Rben.
698 4341 749 4396 rol.
765 4341 865 4424 ¹thlI
882 4341 977 4424 ι(1888)
995 4358 1020 4410 p.
1040 4345 1083 4398 26.

408 4453 410 4458 -
461 4413 482 4485 1)
503 4412 680 4482 quaestiones
700 4412 842 4470 Statianae
862 4413 926 4470 diss.
946 4412 1059 4470 Vratisl.
1081 4415 1156 4470 1872.
1176 4414 1244 4470 thes.
