3440 5096
791 465 988 522 ..6.,

336 658 396 719 quo
420 639 498 700 enim
523 639 585 698 luto
609 645 787 716 stagnentur
814 640 898 720 ripae
920 638 982 699 Nili
1009 641 1065 700 nisi
1088 639 1260 722 Aegyptio?
1283 675 1325 688 -
1349 661 1447 722 neque

330 727 451 806 singula
486 737 591 809 poetae
622 727 714 790 verbs
748 738 873 809 possunt
904 730 1064 810 explicari:
1097 731 1191 791 Recte
1228 751 1293 792 cum
1324 725 1447 791 Barthio

333 816 530 877 Marklandus
561 819 774 898 interpretatus
802 828 847 878 est
870 819 937 880 coll.
969 819 1044 882 Plin.
1063 820 1090 882 h.
1107 842 1134 881 n.
1153 820 1193 884 X.
1211 825 1266 881 94:
1300 821 1447 898 <hirun-

331 907 466 984 dines>
489 909 521 967 in
537 908 670 987 Aegypti
687 908 890 968 Heracleotico
911 910 985 968 ostio
1001 910 1108 968 molem
1132 911 1353 971 continuatione
1365 910 1447 971 nido·

331 1018 397 1056 rum
430 998 572 1074 evaganti
596 996 665 1054 Nilo
696 997 963 1076 inexpugnabilem
991 1009 1148 1079 opponunt
1175 998 1252 1059 stadi
1275 1001 1337 1062 fere
1361 1001 1448 1060 unius

333 1088 441 1167 spatio,
466 1085 547 1166 quod
570 1086 699 1145 humano
723 1105 813 1166 opere
836 1087 938 1167 perfici
961 1108 1021 1147 non
1043 1096 1154 1168 posset.

419 1176 455 1235 ln
476 1174 608 1236 eiusdem
624 1175 749 1253 eclogae
763 1195 853 1236 versu
870 1177 1080 1238 attraheres
1105 1177 1173 1256 (1.1.
1188 1199 1217 1257 p.
1234 1173 1288 1259 35)
1317 1176 1446 1264 ‘annum’

333 1264 370 1325 de
394 1266 464 1324 vino
488 1264 554 1326 vult
577 1265 686 1344 accipi:
711 1267 797 1344 qussi
820 1267 923 1326 vinum
944 1265 1164 1346 adportavisset
1188 1266 1289 1327 classis
1311 1267 1364 1326 illa
1380 1268 1448 1328 Ale·

333 1352 495 1414 xandrina!
520 1354 640 1414 Annum
665 1374 718 1433 pro
734 1374 854 1414 annona
877 1375 950 1415 sane
973 1355 1048 1416 dixit
1071 1365 1169 1435 poeta,
1194 1355 1246 1416 sed
1268 1356 1448 1417 frumentum

336 1443 471 1520 intellegi
496 1443 570 1524 vult,
602 1443 648 1506 ef..
673 1445 746 1506 Luc.
769 1444 816 1504 ΙΙΙ
843 1447 890 1508 70.
915 1449 988 1508 451.
1012 1465 1067 1504 nec
1097 1465 1158 1504 non
1181 1445 1278 1506 Theb.
1304 1445 1348 1506 IV
1375 1447 1447 1508 710.

331 1531 475 1594 Inductus
505 1542 604 1593 autem
635 1543 680 1592 est
711 1534 743 1592 in
767 1553 896 1593 errorem
919 1536 964 1593 vir
988 1534 1092 1595 doctus
1118 1554 1152 1594 eo
1177 1534 1256 1614 quod
1281 1555 1309 1597 v.
1336 1537 1387 1600 24.
1410 1555 1449 1594 ex

332 1623 391 1682 illis
414 1622 544 1682 navibus
567 1623 728 1682 Mareotica
751 1624 823 1682 vina
845 1622 934 1683 libari
958 1622 1105 1687 dicuntur.
1483 1634 1484 1640 ’

421 1714 523 1791 Atque
545 1732 584 1771 ne
603 1711 693 1771 villae
709 1711 887 1772 Tiburtinae
912 1713 938 1792 (1
956 1715 987 1791 3)
1004 1733 1107 1772 versus
1133 1718 1183 1776 84.
1208 1713 1327 1793 quidem
1351 1711 1449 1774 adhuc

332 1810 410 1863 recte
445 1801 517 1861 mihi
547 1800 667 1860 videtur
701 1821 764 1862 esse
799 1801 975 1881 explicatus.
1022 1803 1240 1863 Intellexerunt
1268 1806 1345 1864 enirn
1370 1803 1449 1884 quod

333 1892 425 1951 sciam
456 1911 557 1968 omnes
580 1889 725 1950 Lucrinas
753 1889 858 1950 domus
887 1891 924 1950 de
947 1891 1026 1950 villis
1050 1913 1144 1972 prope
1166 1893 1264 1953 lacum
1287 1893 1449 1954 Lucrinum

331 1982 407 2043 sitis.
455 1979 511 2040 Oui
540 1982 704 2040 sententiae
727 1982 886 2041 novissime
915 1979 1115 2062 adstipulatus
1139 1994 1183 2042 est
1205 1983 1351 2044 Miillerus
1375 1981 1406 2066 (l.
1433 1984 1448 2044 Ι.

332 2091 362 2150 p.
389 2065 455 2153 46.)
487 2068 583 2144 Quam
616 2090 653 2130 ne
684 2072 827 2150 accipiam
851 2068 967 2132 duabus
997 2074 1094 2132 causis
1116 2072 1270 2152 impedior.
1318 2074 1449 2132 Primum

335 2159 413 2220 enirn
439 2161 464 2218 si
487 2160 519 2218 in
535 2160 640 2218 ceteris
657 2179 735 2240 quae
751 2159 800 2218 hic
823 2169 1037 2221 enumerantur
1059 2162 1131 2221 locis
1147 2182 1257 2221 numen
1278 2162 1326 2222 vel
1350 2161 1449 2222 condi·

335 2259 381 2309 tor
405 2246 509 2329 oppidi
531 2258 665 2322 vocatur,
699 2268 751 2308 cur
774 2250 805 2307 in
828 2269 888 2308 uno
912 2247 1092 2310 adiectivum
1116 2250 1298 2331 adponitur?
1334 2251 1449 2312 Deinde

334 2348 434 2398 cetera
458 2357 537 2418 quae
560 2347 826 2397 commemorantur
849 2338 958 2418 oppida
976 2341 1054 2398 circa
1070 2340 1188 2400 Latium
1210 2342 1267 2399 sita
1290 2352 1372 2400 sunt:
1399 2360 1450 2399 cur

333 2449 426 2488 unum
460 2448 498 2488 ex
522 2423 687 2507 Campania
719 2425 903 2502 adsciscitur,
936 2429 1023 2507 quasi
1046 2447 1105 2487 non
1137 2429 1286 2487 sufficeret
1310 2428 1450 2488 Latium?

337 2516 397 2578 Sed
421 2525 612 2577 removentur
635 2516 692 2575 hae
708 2517 895 2591 offensiones,
920 2516 1008 2576 modo
1024 2526 1105 2576 recte
1120 2519 1350 2596 interpretemur
1368 2518 1454 2602 ‘Luc-²

334 2609 418 2668 rinae
450 2605 576 2667 domus’.
626 2601 793 2692 ‘Lucrinae'
827 2607 905 2666 enim
934 2608 1108 2684 genetivum
1136 2626 1200 2665 esse
1228 2615 1335 2666 statuo.
1376 2607 1449 2666 Luc·

335 2698 401 2756 rina
418 2705 517 2755 autem
542 2705 587 2755 est
603 2696 718 2756 Venus:
744 2696 966 2767 cf.1111,150,
1006 2696 1097 2757 Cuius
1117 2696 1259 2775 templum
1283 2695 1322 2754 ab
1338 2697 1450 2768 Aenea,

335 2784 553 2868 atterebatur,
580 2783 748 2845 dedicatum
769 2785 889 2844 Lavinii
911 2795 983 2866 erat,
1010 2785 1045 2847 cl.
1069 2805 1094 2848 e.
1118 2806 1148 2862 g.
1174 2784 1271 2846 Strab.
1298 2785 1325 2844 V
1345 2788 1395 2859 3,5
1421 2805 1450 2864 p.

336 2880 410 2938 232.
458 2876 524 2934 Hoc
555 2875 647 2951 igitur
679 2873 819 2956 oppidum
845 2896 862 2932 a
886 2884 976 2955 poeta
1007 2873 1064 2933 dici
1095 2874 1167 2933 mihi
1197 2894 1371 2953 persuasum
1396 2883 1450 2934 est.

424 2963 657 3044 Nonnumquam
689 2973 787 3024 autem
819 2965 851 3022 in
881 2967 1019 3043 quaesita
1050 2973 1080 3024 et
1112 2963 1269 3022 artificiosa
1292 2963 1341 3022 vel
1376 2963 1451 3022 adeo

336 3055 429 3115 stulta
460 3055 706 3133 interpretatione
742 3056 933 3133 acquiescere
964 3053 1133 3113 maluerunt
1163 3055 1220 3112 viri
1252 3052 1331 3111 docti
1362 3073 1451 3132 quam

336 3144 487 3204 lenissima
518 3144 682 3203 mutatione
715 3142 831 3202 traditis
863 3143 963 3202 verbis
993 3143 1089 3203 lucem
1118 3141 1244 3220 adferre,
1277 3163 1312 3202 eo
1336 3153 1452 3202 tantum

337 3234 467 3305 consilio,
500 3243 533 3292 ut
557 3231 703 3291 haberent
727 3252 805 3312 quae
828 3233 1042 3312 vituperarent.
1088 3232 1272 3290 Paucissima
1303 3253 1320 3292 e
1352 3233 1452 3292 multis

337 3343 469 3404 promam
502 3322 654 3400 exempla:
691 3319 728 3380 de
750 3322 781 3381 ΙΙ
808 3326 901 3396 1,181
935 3342 980 3403 sq.
1011 3322 1181 3401 nuperrime
1212 3323 1276 3398 egit
1306 3321 1452 3381 Miillerus

337 3413 370 3494 (l.
395 3413 414 3474 l.
437 3433 467 3492 p.
494 3407 538 3492 9).
585 3410 732 3470 Fabulam
761 3431 800 3470 ex
829 3431 884 3470 sua
907 3412 1001 3491 ipsius
1025 3409 1182 3470 Thebaide
1206 3412 1332 3491 sumpsit
1354 3420 1450 3489 poeta.

337 3501 487 3582 Ophelten
522 3501 599 3560 enirn
635 3501 781 3580 serpentis
812 3520 910 3560 morsu
945 3501 1072 3560 occisum
1104 3509 1133 3558 et
1164 3499 1339 3579 Amphiarai
1370 3501 1454 3559 iussu

337 3591 550 3651 Archemorum
586 3609 650 3649 esse
685 3589 868 3670 appellatum
899 3589 969 3649 inde
1000 3609 1018 3647 a
1049 3609 1138 3648 versu
1165 3591 1227 3650 505
1260 3590 1357 3668 quinti
1374 3587 1453 3646 'libri

339 3681 499 3742 enarravit.
551 3679 615 3738 Iam
647 3679 733 3758 plura
764 3691 835 3738 sunt
864 3681 895 3738 in
927 3678 1036 3759 quibus
1067 3679 1176 3759 aliquis
1206 3680 1272 3737 iure
1303 3676 1454 3736 offendere

337 3770 438 3851 possit.
484 3769 591 3850 Neque
622 3788 692 3828 vero
724 3789 843 3848 possum
874 3768 1036 3828 concedere
1069 3769 1253 3845 argumentis
1285 3766 1453 3825 aMr'rllero

338 3859 462 3940 prolatis
486 3860 662 3939 scripturam
687 3857 826 3917 traditam
851 3878 915 3918 esse
932 3857 1091 3920 defensam.
1128 3857 1208 3916 Dicit
1224 3877 1282 3916 non
1299 3854 1453 3935 pulchram

339 3969 402 4009 esse
434 3957 526 4008 totam
558 3949 735 4008 sententiam
767 3968 865 4029 neque
897 3947 954 4007 sibi
985 3948 1104 4028 placere
1134 3947 1339 4026 repetitionem
1363 3965 1453 4004 voca·

339 4037 401 4098 buli
436 4033 573 4123 ‘anguisss
620 4037 736 4097 Tamen
765 4038 860 4098 Statio
883 4025 946 4098 'hoc
976 4034 1167 4095 tribuendum
1199 4054 1271 4094 esse.
1318 4033 1453 4096 Concedo

339 4147 376 4188 ex
406 4128 469 4187 sola
500 4128 678 4206 repetitione
701 4129 898 4207 suspicionem
929 4127 990 4205 peti
1014 4145 1074 4185 non
1098 4124 1197 4198 licere,
1231 4124 1359 4185 concedo
1384 4145 1452 4184 auc·

339 4226 432 4277 torem
457 4219 634 4276 sententiam
658 4219 754 4277 minus
781 4216 936 4296 pulchram
967 4215 1102 4273 minusve
1134 4214 1296 4293 expolitam
1325 4214 1455 4274 scribere

339 4309 485 4386 potuisse:
518 4305 591 4365 illud
623 4326 683 4365 non
715 4305 843 4365 concedo
874 4303 1001 4366 Statium
1030 4301 1193 4382 quidquam
1224 4323 1343 4382 prorsus
1365 4305 1455 4363 inane

341 4395 564 4478 absurdumque
588 4407 617 4455 et
640 4415 659 4455 a
681 4415 735 4456 sua
751 4394 897 4456 sententia
913 4394 1044 4454 alienum
1067 4391 1238 4469 legentibus
1253 4394 1452 4476 proposuisse.
