3440 5096
680 469 897 528 ..29-

223 646 388 727 Orpheum
417 645 504 707 dicit:
529 645 566 708 cl.
587 643 809 706 Lundstroomii
841 643 880 704 ad
903 645 931 703 V
956 651 985 718 5,
1001 649 1042 706 54
1066 643 1133 728 (l.l.
1157 666 1188 725 p.
1213 647 1268 725 54)
1298 645 1352 706 'ad-

227 738 427 794 notationem¹
459 769 495 780 -
519 733 644 794 cedendi
674 735 800 794 verbum
830 734 912 794 baud
943 755 1009 794 raro
1040 733 1144 794 eadem
1176 749 1268 815 atque
1298 737 1353 796 hoc

226 824 294 888 loco
318 826 448 884 notione
469 824 581 902 legitur
603 827 681 900 apud
704 824 832 884 Statium
843 821 885 904 ¹);
908 825 946 887 cs.
964 845 990 887 o.
1007 843 1038 901 g.
1063 825 1078 884 Ι
1105 829 1133 896 1,
1147 829 1198 886 84.
1224 826 1285 905 13,
1300 829 1352 888 83.

222 915 256 974 11
279 921 313 993 4,
330 919 362 975 9.
387 913 420 973 Il
445 917 541 984 7,75.
564 915 611 974 111
638 916 754 987 1,143.
779 915 943 985 1114,40.
968 914 1007 975 al.

317 1008 371 1065 62.
396 1009 426 1070 ct
447 1009 484 1069 tu
506 1024 588 1070 eona
602 1020 706 1070 moves
728 1010 757 1069 et
775 1010 805 1069 te
819 1024 952 1070 nemora
966 1004 1034 1070 olto
1047 1011 1243 1082 sequantur:
1265 1016 1354 1066 caute

230 1104 319 1174 poeta
343 1091 497 1169 Orpheum
526 1093 662 1152 ultimum
691 1095 888 1154 enumeravit.
934 1093 1012 1152 Nam
1036 1090 1197 1173 utrumque
1221 1095 1259 1154 ad
1283 1116 1352 1156 eum

233 1182 368 1264 quadrat.
438 1216 440 1220 .

330 1275 383 1333 63.
429 1272 507 1350 qaid
536 1275 676 1357 referam
706 1279 823 1338 scices
852 1291 1001 1350 ceraeque
1028 1274 1172 1352 acrisque
1204 1273 1352 1357 floreres:

239 1361 316 1442 ‘quid
351 1361 491 1421 referam’
522 1363 676 1422 tritissima
705 1363 925 1440 praeteritionis
956 1362 1084 1421 formula
1111 1372 1166 1445 eet,
1198 1366 1282 1422 cuius
1308 1364 1352 1423 iu-

232 1472 354 1512 numera
377 1451 440 1512 fere
463 1462 582 1510 exstant
604 1451 754 1530 exempla:
778 1451 854 1512 etl
882 1454 912 1530 3,
939 1453 989 1511 64.
1019 1451 1035 1510 Ι
1060 1458 1088 1526 5,
1115 1457 1167 1516 57.
1198 1453 1229 1512 ll
1255 1457 1283 1532 1,
1301 1455 1352 1516 96.

231 1542 313 1616 V3,
332 1544 408 1603 246.
442 1538 499 1602 Ov.
524 1560 581 1599 am.
607 1540 622 1598 1
647 1546 676 1617 5,
694 1543 745 1601 23.
779 1540 811 1599 ΙΙ
835 1542 865 1614 6,
882 1545 935 1602 43.
970 1540 1017 1600 ΙΙΙ
1033 1544 1062 1613 6,
1082 1544 1132 1602 33.
1166 1542 1281 1617 11111,
1300 1545 1351 1604 21.

226 1630 273 1692 111
299 1635 354 1703 12,
379 1629 432 1691 35.
457 1650 506 1688 ars
533 1631 549 1688 I
573 1633 647 1690 255.
674 1631 747 1691 282.
770 1631 844 1692 trist.
876 1631 1005 1692 11433.
1031 1650 1067 1690 ex
1092 1631 1175 1692 Pont.
1207 1633 1221 1690 1
1246 1636 1275 1707 3,
1302 1637 1352 1695 81.

225 1720 291 1780 last.
318 1720 347 1778 V
377 1721 440 1780 227
470 1719 508 1780 al.
544 1755 584 1764 -
618 1719 686 1778 illas
717 1739 804 1780 cerae
833 1720 948 1796 figuras
978 1718 1017 1778 ad
1048 1720 1186 1799 Apellem
1217 1733 1354 1800 spectare

225 1829 351 1870 necesse
374 1819 427 1868 est.
474 1808 582 1888 Neque
605 1809 700 1887 igitur
722 1820 793 1868 sunt
815 1810 962 1887 imagines
983 1808 1021 1868 ad
1037 1810 1147 1868 mortni
1168 1809 1275 1870 faciem
1299 1831 1352 1870 ex·

224 1918 360 1980 preme,
392 1896 445 1959 sed
476 1897 599 1958 tabulae
629 1899 736 1977 pictae.
795 1896 956 1976 Signorurn
988 1907 1088 1958 autem
1120 1898 1353 1980 tabularumque

223 1989 354 2048 refertos
385 1988 478 2048 tunsa
508 1987 652 2047 nobilium
684 1986 836 2047 hominum
871 1988 931 2047 illis
966 1987 1150 2066 temporibus
1185 1987 1287 2048 bortos
1322 2003 1353 2048 et

227 2079 319 2137 villas
343 2078 416 2136 satis
440 2077 535 2136 multa
552 2086 672 2137 exstant
686 2079 872 2137 testimonia:
897 2076 1350 2154 cf.cic.delog.11113,31.

224 2167 267 2228 de
290 2178 365 2230 orat.
388 2168 404 2226 1
429 2170 482 2239 35,
509 2170 581 2229 161.
606 2168 638 2225 in
664 2167 750 2230 Verr.
776 2179 832 2227 act.
857 2187 916 2229 see.
940 2167 957 2226 1
981 2170 1033 2240 23,
1058 2170 1110 2228 61.
1134 2167 1210 2229 Plin.
1234 2187 1279 2247 ep.
1294 2169 1353 2228 ἸΙΙ

227 2262 260 2332 7,
279 2262 298 2318 8
325 2257 366 2319 al,
389 2276 476 2316 cerae
499 2255 617 2333 figurae
631 2257 802 2334 significant
818 2257 936 2317 tabulas
952 2257 1121 2316 encaustica
1137 2257 1244 2336 pictas,
1261 2277 1353 2336 quam

224 2355 325 2406 artem
347 2345 463 2405 Statius
487 2343 575 2406 docte
598 2345 739 2406 describit
762 2345 837 2408 Ach.
868 2344 895 2425 Ι,
920 2349 995 2408 332.
1028 2346 1065 2408 cf.
1087 2345 1134 2405 Ill
1161 2350 1188 2428 1,
1214 2349 1268 2407 95:
1299 2347 1353 2406 ubi

226 2435 394 2496 Herculem
417 2433 502 2495 laudi
518 2435 612 2496 Pollio
637 2435 817 2496 tribuentem
841 2435 914 2494 facit
930 2434 1011 2515 quod
1037 2444 1091 2513 ‘tot
1113 2455 1189 2494 saxa
1204 2436 1353 2496 imitantia

227 2526 335 2585 vultus
360 2544 501 2604 aeraque,
528 2534 575 2584 'tot
601 2526 712 2604 scripto
740 2527 877 2585 viventes
905 2525 1018 2584 lumine
1041 2523 1133 2584 ceras’
1159 2525 1232 2585 fixit.
1279 2526 1352 2586 Cum
1390 2573 1395 2581 .

228 2625 333 2674 autem
363 2615 397 2674 in
425 2614 579 2674 hortorum
611 2613 810 2694 descriptione
841 2634 1001 2686 versemur,
1033 2614 1075 2672 ibi
1097 2613 1164 2674 illas
1187 2626 1300 2674 statuas
1323 2625 1354 2674 et

232 2703 355 2764 tabulas
378 2695 540 2763 collocatas
564 2704 654 2764 luisse
678 2703 840 2764 verisimile
855 2713 910 2764 est.
951 2703 1131 2783 Quanquam
1153 2704 1271 2762 tabulas
1295 2704 1352 2764 snb

230 2793 303 2852 divo
332 2793 425 2854 fuisse
451 2792 533 2852 baud
561 2791 751 2854 crediderim:
786 2795 818 2852 in
846 2793 1010 2873 porticibus
1037 2792 1181 2872 suspendi
1204 2793 1350 2857 solebant.

230 2885 267 2942 In
291 2883 367 2942 atrio
390 2903 443 2942 eas
466 2883 558 2944 luisse
581 2903 635 2943 cur
660 2882 848 2942 Veenbusius
871 2884 1010 2942 statuerit
1031 2902 1091 2942 neu
1115 2884 1218 2962 liquet.

323 2973 373 3035 64.
408 2970 437 3039 ei
460 2973 537 3053 quid
560 2973 681 3056 Apellei
700 2973 843 3057 pandent
865 2973 1028 3040 animasse
1050 2973 1184 3040 colores:
1216 2972 1353 3056 gaudent

232 3063 381 3122 animasse
395 3062 473 3121 idem
489 3062 571 3121 valet
586 3073 678 3141 atque
695 3063 919 3122 animaverunt:
943 3063 981 3122 cf.
998 3061 1158 3121 Markland
1174 3061 1212 3120 ad
1228 3064 1286 3135 13,
1301 3067 1351 3126 57.

233 3150 401 3216 Kerekboff
427 3151 446 3213 l.
470 3151 489 3212 l.
523 3171 553 3230 p.
584 3156 636 3214 50.
669 3149 706 3210 de
737 3152 830 3212 verbo
861 3150 1013 3212 animandi
1047 3152 1187 3231 inspicias
1218 3154 1351 3212 eiusdem

232 3240 367 3300 libellum
398 3261 427 3320 p.
451 3245 504 3302 48.
550 3240 671 3320 Apellei
701 3240 830 3303 colores:
867 3251 901 3301 ut
932 3241 1069 3321 ‘Apelleo
1100 3240 1201 3300 vultus
1232 3243 1352 3318 signata

231 3326 339 3391 oolore’
370 3329 413 3411 (V
444 3334 472 3410 1,
498 3328 541 3412 5).
564 3332 602 3392 cf.
626 3332 642 3390 I
669 3334 696 3414 1,
724 3334 798 3394 100:
826 3331 978 3416 tApelleae
1001 3339 1146 3410 cuperent
1169 3340 1200 3388 te
1221 3331 1351 3390 scribere

232 3413 327 3480 cerao’
352 3419 407 3494 IV,
434 3423 461 3495 6,
488 3423 539 3482 29.

324 3512 373 3572 65.
401 3509 431 3576 ei
458 3509 537 3591 quid
558 3510 663 3576 adhoc
686 3528 795 3583 vocuo,
820 3516 927 3576 tumeo
950 3509 1144 3581 admirabile,
1169 3508 1250 3576 Piso
1273 3509 1351 3576 Plri-

231 3599 342 3666 diaeae
367 3617 473 3666 rasere
499 3617 632 3666 mnus:
660 3609 741 3658 recte
768 3600 828 3658 iam
851 3601 1038 3678 interpretati
1066 3609 1136 3657 sunt
1160 3599 1234 3657 haec
1257 3600 1352 3658 verba

232 3701 351 3748 veteres
367 3687 505 3762 editores,
532 3708 557 3748 e.
574 3709 604 3766 g.
622 3688 778 3748 Barthius:
802 3687 927 3768 siquid,
951 3707 1124 3767 quanquam
1141 3686 1240 3748 adhuc
1256 3709 1352 3748 vacua

231 3777 305 3836 Pisa
331 3777 359 3836 h.
384 3797 410 3838 e.
441 3775 572 3838 nondum
599 3777 678 3850 laeto
709 3778 760 3837 illo
792 3775 967 3837 admirando
994 3778 1076 3838 Iovis
1103 3776 1234 3857 Olympii
1263 3781 1351 3837 simu·

232 3867 331 3941 lacro,
368 3876 467 3926 tamen
501 3866 676 3926 admirabile
708 3865 831 3926 Phidias
861 3867 956 3930 finxit.
1008 3867 1120 3926 Nostra
1150 3887 1221 3927 vero
1253 3877 1352 3928 aetate

233 3954 335 4016 Ottoni
359 3953 392 4040 (l.
419 3957 438 4018 l.
461 3977 490 4036 p.
515 3959 601 4033 533.)
630 3965 661 4015 et
688 3955 869 4017 schwartzio
893 3958 926 4036 (l.
951 3956 969 4019 l.
992 3978 1022 4036 p.
1047 3955 1080 4038 7)
1107 3956 1190 4017 loeus
1214 3970 1279 4017 erat
1301 3956 1351 4016 de·

232 4044 399 4106 tondendus
423 4067 442 4104 a
461 4046 676 4105 violentissima
691 4047 862 4105 coniectura
878 4045 1056 4119 Markland,
1080 4047 1134 4125 qui
1154 4067 1221 4106 cum
1243 4057 1351 4126 poetae

232 4134 326 4194 verba
356 4155 416 4194 non
447 4135 646 4213 intellegeret,
680 4137 714 4213 ‘si
745 4135 819 4215 quid
846 4134 1022 4214 Olympiaca
1050 4135 1148 4195 lamae
1175 4135 1352 4196 admirabile

232 4225 304 4283 Pisa
331 4225 395 4286 ete.'
426 4223 586 4302 legendum
616 4226 744 4305 putavit.
796 4225 883 4300 Quae
913 4225 1083 4284 coniectura
1113 4245 1232 4285 sensum
1260 4226 1351 4285 totius

324 4418 345 4489 ¹)
365 4416 399 4473 cl.
419 4417 572 4472 Kerekhoff
588 4418 606 4474 l.
625 4419 643 4473 l.
662 4433 688 4486 p.
707 4419 751 4475 47.
