3440 5096
674 471 897 530 -5e..

355 652 387 710 in
409 650 524 730 species
548 649 725 730 animasque
748 651 852 714 nitent.
876 659 977 730 stupet
999 652 1066 732 ipse
1089 652 1195 714 beetes

356 740 576 820 circumplexus
599 759 672 820 opes
695 748 726 800 et
749 742 870 821 parcius
892 743 1019 821 imperet
1041 743 1129 820 ignis.

317 867 354 926 In
377 875 510 926 extremo
533 885 622 925 versu
639 866 762 944 egregie
785 865 879 926 falsus
902 875 947 926 est
970 864 1041 927 Otto
1058 869 1110 947 qui
1133 867 1154 929 l.
1178 868 1198 930 l.
1223 869 1348 928 miretur

227 954 307 1037 quod
325 953 483 1016 nemodum
504 949 584 1040 tigni'
600 957 787 1015 correxisset.
819 955 890 1015 Non
902 955 1065 1036 Vulcanus,
1090 965 1125 1016 ut
1139 957 1191 1016 ille
1203 957 1278 1029 vult,
1295 957 1348 1018 sed

226 1047 369 1106 Etruscus
392 1047 459 1126 ipse
480 1045 716 1122 intellegeretur.
765 1048 804 1105 At
827 1046 943 1126 poetice
966 1047 1046 1120 ignis
1069 1045 1183 1106 tubulis
1206 1046 1261 1106 sub
1285 1045 1347 1107 solo

227 1145 257 1196 et
273 1137 351 1195 intra
366 1136 496 1216 parietes
513 1133 619 1194 ductus
643 1133 784 1195 balneum
801 1135 956 1214 complecti
973 1133 1089 1195 dicitur.
1138 1135 1196 1195 Sed
1213 1156 1347 1218 propone

228 1225 314 1285 modo
332 1225 430 1284 enimo
446 1233 495 1284 tuo
512 1222 663 1284 dominum
680 1244 750 1284 sues
767 1245 839 1304 opes
855 1225 1102 1304 circumplexum:
1125 1223 1241 1285 videbis
1257 1246 1347 1305 quem

228 1313 357 1374 ridicula
387 1314 535 1373 sententie
565 1313 728 1384 efficietur,
761 1313 877 1374 Ottonis
907 1315 1107 1373 coniecturam
1130 1315 1154 1374 si
1177 1315 1346 1395 probemus.

318 1405 381 1464 lam
405 1403 443 1463 de
459 1403 657 1470 Genethliaci
680 1403 811 1471 Meceni
837 1402 881 1487 (ΙΙ
900 1403 930 1482 7)
955 1405 1097 1471 versibus
1120 1405 1166 1470 83
1188 1427 1232 1488 sq.
1255 1403 1348 1463 verbe

227 1514 292 1554 sum
317 1493 459 1559 fecturus.
500 1492 596 1567 Quem
621 1492 719 1553 locum
736 1493 937 1553 Baehreneius
959 1495 1191 1573 transpositione
1206 1513 1348 1554 versuum

226 1603 333 1643 senate
364 1602 452 1662 posse
482 1582 539 1641 sibi
565 1583 648 1643 visus
680 1592 740 1647 est.v
780 1583 903 1642 Minime
934 1591 1035 1642 entem
1067 1582 1251 1662 probandam
1285 1603 1350 1643 esse

227 1670 402 1733 Marklandi
419 1673 598 1731 sententiam
615 1674 666 1752 qui
684 1671 914 1752 praegrediente
930 1692 969 1731 ex
984 1681 1070 1752 perte
1083 1671 1228 1733 Gevertio
1245 1692 1349 1732 versus

229 1768 270 1826 84
294 1770 323 1822 et
348 1767 388 1824 85
413 1782 466 1841 pro
492 1763 601 1840 spuriis
629 1763 725 1839 eiecit,
758 1781 845 1820 nemo
878 1763 982 1837 opinor
1014 1761 1147 1840 negabit.
1194 1761 1277 1822 ldem
1301 1763 1349 1820 vir

229 1852 333 1912 doctus
357 1852 446 1910 etiem
471 1849 508 1910 de
524 1871 614 1910 versu
639 1855 679 1912 83
705 1851 828 1910 erravit:
854 1870 1010 1931 perperam
1034 1852 1111 1910 enim
1135 1854 1349 1931 interpretatus

228 1940 410 2001 adiectivum
437 1934 594 2026 ‘decorem'
624 1941 753 2025 tingenio
777 1935 840 2006 ruo'
872 1939 1062 2000 scribendum
1091 1942 1214 2003 censuit.
1261 1941 1348 2000 Tune

227 2030 303 2091 illud
329 2029 458 2116 ‘ingenio
486 2050 540 2090 suo
564 2026 711 2089 decoram'
736 2029 778 2088 nil
809 2037 888 2090 esset
911 2030 968 2089 nisi
1001 2029 1126 2088 moleste
1141 2030 1259 2089 iteratio
1284 2031 1348 2090 eins

227 2122 367 2199 notionis,
401 2139 480 2200 quae
511 2120 543 2178 in
573 2139 647 2178 voce
674 2115 809 2205 ‘doctam'
834 2121 921 2180 inest.
967 2119 1119 2198 Imprimis
1150 2127 1250 2178 eutem
1281 2140 1348 2198 pro·

228 2230 336 2271 nomen
360 2210 560 2289 possessivum
591 2209 758 2286 langueret.
805 2209 846 2267 At
876 2208 960 2268 nulle
991 2210 1154 2268 mutatione
1185 2228 1260 2287 opus
1293 2217 1346 2270 est.

228 2302 306 2360 Nem
329 2307 410 2360 recte
435 2297 575 2358 traditum
609 2307 653 2358 est
678 2299 809 2382 (ingenio
832 2309 884 2357 tuo
909 2292 1065 2358 decoram’.
1112 2298 1246 2358 Decorus
1270 2299 1348 2357 enim

227 2390 321 2449 babet
344 2389 591 2466 significationem
619 2408 691 2474 per,
723 2387 859 2460 idoneus,
885 2381 1014 2466 dignus,
1039 2387 1203 2448 vernecnla
1225 2387 1346 2464 lingua:
1432 2441 1436 2448 .

230 2478 458 2559 entsprechend.
498 2478 641 2538 Refutete
664 2478 718 2537 ille
733 2477 905 2537 Marklandi
929 2478 1099 2537 coniectura
1122 2479 1181 2536 iem
1198 2475 1236 2537 de
1251 2477 1347 2536 Baeh-

226 2570 318 2629 rensii
340 2569 494 2648 proposito
510 2564 690 2648 videamus.¹
716 2566 776 2641 Qui
799 2587 852 2647 pro
869 2566 978 2628 tradito
996 2587 1136 2627 versuum
1153 2565 1257 2626 ordine
1273 2566 1346 2626 boc:

547 2693 644 2754 taedis
666 2692 838 2772 genialibus
862 2692 968 2753 dicabo

441 2782 558 2844 doctam
581 2794 674 2863 etque
697 2784 819 2859 ingenio
842 2792 894 2842 tno
919 2780 1056 2842 decorem

367 2937 369 2942 ,
441 2873 559 2954 qualem
583 2872 695 2932 blande
719 2872 822 2932 Venus
847 2870 991 2951 daretque
1014 2872 1090 2932 Iuno

440 2964 536 3024 forma
558 2963 747 3038 simplicitate
771 2962 910 3021 comitate

443 3073 535 3113 censu
557 3052 707 3130 sanguine
729 3051 828 3128 gretie
851 3049 958 3110 decore
981 3069 1044 3130 eqs.

228 3179 308 3241 huno
331 3179 446 3239 censuit
469 3197 535 3238 esse
557 3174 788 3238 restituendum:

443 3302 559 3362 doctam
583 3311 677 3383 etque
698 3302 821 3380 ingenio
846 3309 896 3360 tuo
921 3299 1058 3360 decorem

443 3393 537 3452 lorme
560 3392 749 3470 simplicitate
773 3391 913 3451 comitate

423 3481 535 3541 'censu
557 3483 707 3558 sanguine
729 3480 829 3559 gratia
851 3481 954 3556 lepore

424 3571 564 3651 *qualern
587 3569 701 3630 blenda
723 3570 829 3630 Venus
853 3568 1000 3649 daretque
1022 3569 1108 3631 Iuno.
1169 3581 1172 3589 '

230 3700 263 3759 In
288 3699 398 3778 quibus
421 3706 544 3778 propter
568 3697 827 3776 transpositionem
851 3704 972 3755 coactus
1004 3702 1048 3753 est
1080 3714 1134 3774 pro
1160 3687 1284 3778 ‘decore'
1311 3713 1350 3752 ex

230 3786 448 3866 Lindenbrogii
472 3787 643 3846 coniectura
659 3785 803 3846 scribere:
831 3779 961 3871 tlepore'¹
1001 3783 1079 3843 Nem
1096 3782 1176 3863 quod
1192 3792 1350 3861 praeterea

233 3878 345 3957 dicunt,
369 3876 447 3937 idem
472 3896 536 3936 esse
559 3877 688 3953 gratiam
711 3885 803 3957 etque
818 3873 965 3958 decorem,
990 3873 1045 3933 hoo
1068 3893 1106 3932 ne
1129 3873 1213 3931 flocci
1229 3871 1349 3951 quidem

233 3968 322 4027 secio.
370 3969 449 4028 Sene
470 3968 595 4026 interest
618 3965 732 4046 aliquid
755 3967 832 4024 inter
858 3965 933 4024 heac
956 3963 1153 4024 substantiva.
1199 3961 1275 4020 Nem
1300 3959 1349 4020 de-

234 4058 310 4116 coris
334 4066 379 4116 est
402 4055 481 4137 quod
506 4055 601 4129 decet,
629 4057 746 4133 gratiae
775 4052 855 4134 quod
872 4063 1003 4132 'gratum
1027 4061 1086 4113 est:
1116 4060 1244 4131 utreque
1267 4051 1349 4109 notio

232 4148 320 4208 etiam
353 4145 470 4206 diversa
500 4167 519 4204 e
547 4146 642 4205 forma
672 4145 721 4205 vel
750 4141 984 4224 pulchritudine.
1032 4142 1119 4217 Quae
1149 4161 1216 4200 cum
1246 4141 1288 4198 ita
1318 4159 1351 4198 se

233 4236 377 4309 habeant,
411 4256 522 4316 operae
544 4236 673 4316 pretium
698 4236 753 4294 erit
776 4252 921 4314 quaerere
944 4233 1076 4312 possitne
1098 4229 1225 4290 traditus
1247 4249 1350 4290 versu·

235 4349 287 4388 um
314 4323 386 4386 ordo
410 4323 540 4387 defendi.
587 4326 632 4385 Ac
663 4345 735 4384 sene
766 4331 865 4405 potest
891 4323 1011 4404 optime.
1057 4321 1136 4382 Nam
1159 4318 1285 4384 ablativi
1307 4317 1352 4378 illi

239 4416 393 4502 qualitatis
424 4434 498 4498 quoe
528 4413 631 4479 dicunt
660 4412 794 4497 pendent
825 4433 864 4474 ex
893 4411 1070 4496 pronomine
1102 4403 1251 4497 ‘qualemss
1304 4409 1350 4470 Ne
