3440 5096
791 425 1011 484 -72-

433 602 584 666 Theseum
608 604 694 664 iuxta
717 601 793 663 foret
816 602 890 664 haec
913 613 1072 684 conspecta
1094 604 1201 669 cubile.

344 693 452 753 Nonne
491 695 601 774 optime
638 691 767 773 quadrat
805 692 879 752 haec
913 693 1081 753 sententia?
1142 695 1211 756 Non
1245 695 1347 755 subest
1380 692 1461 775 quod

345 781 501 843 dicendum
533 784 624 844 fuisse
655 803 745 862 supra
777 778 861 844 dixi?
891 803 999 863 nempe
1029 783 1097 842 hoc:
1131 785 1208 844 hanc
1239 785 1375 846 Theseus
1401 803 1461 843 non

345 872 533 934 deseruisset.
582 874 626 930 Ac
650 873 708 930 iam
732 874 890 952 sequentia
914 873 986 930 mihi
1010 875 1203 954 contemplari
1226 875 1316 934 velis:

496 978 629 1040 Gnosida
653 978 800 1038 desertam
824 980 968 1056 profugus
993 981 1127 1060 liquisset
1151 995 1181 1040 et
1204 983 1300 1044 Euan.

346 1107 375 1168 h.
402 1126 427 1170 e.
456 1105 610 1166 Ariadnen
641 1103 820 1164 deseruisset
850 1109 940 1168 etiam
968 1107 1117 1182 Bacchus,
1150 1108 1262 1168 scilicet
1293 1109 1318 1166 si
1342 1107 1459 1167 Violen-

346 1197 430 1255 tillae
453 1196 575 1254 formam
600 1203 691 1274 atque
715 1195 966 1274 pulchritudinem
990 1198 1186 1274 cognovisset.
1235 1197 1354 1277 Optime
1365 1198 1461 1274 igitur

345 1286 377 1344 hi
400 1305 504 1346 versus
529 1305 593 1344 sese
617 1285 740 1347 habent.
787 1285 893 1344 Restat
915 1287 1032 1345 initium
1056 1306 1159 1345 versus
1185 1289 1259 1347 131:

664 1402 776 1452 erraret
798 1412 902 1452 secura
926 1393 1077 1472 Daphnes.

346 1519 398 1577 ubi
424 1538 489 1576 cnm
513 1518 713 1576 nominativus
739 1515 884 1599 ‘Daphne'
909 1519 1015 1596 utique
1044 1518 1230 1595 efflagitatur
1258 1519 1388 1576 traiectis
1411 1540 1461 1578 vo·

347 1609 431 1666 cibus
458 1602 579 1690 ‘secura’
599 1615 629 1664 et
648 1600 792 1690 ‘Daphne'
819 1626 866 1665 res
889 1619 934 1664 est
958 1606 1106 1685 expedita.
1154 1613 1252 1686 Atque
1275 1608 1350 1664 haec
1373 1607 1461 1664 lectio

348 1698 500 1757 invenitur
523 1698 581 1754 iam
605 1698 635 1753 in
660 1695 789 1753 editione
808 1693 925 1755 Veneta
948 1698 1019 1754 anni
1046 1699 1138 1756 1494.
1163 1716 1218 1755 nec
1241 1716 1300 1754 non
1323 1698 1462 1772 regnavit

345 1789 376 1846 in
400 1786 582 1844 editionibus
606 1805 684 1864 qnae
700 1785 857 1862 vulgatum
874 1793 989 1845 textum
1006 1785 1197 1845 exhibebant.
1244 1775 1460 1844 Testimonium

347 1886 447 1936 antem
471 1877 615 1954 pristinae
639 1874 842 1933 collocationis
858 1875 1017 1934 verborum
1034 1886 1078 1934 est
1094 1876 1193 1934 littera
1211 1871 1243 1957 ‘s'
1262 1893 1340 1953 quae
1356 1873 1463 1931 afflata

346 1975 391 2025 est
413 1965 562 2044 Daphnae
585 1986 603 2022 a
627 1983 700 2022 voce
724 1973 878 2042 sequente.
927 1969 1027 2043 Atque
1057 1985 1095 2022 ne
1127 1964 1256 2023 haesites
1285 1966 1315 2021 in
1340 1962 1463 2021 elisione

348 2075 425 2135 quae
449 2055 482 2112 fit
504 2056 535 2113 in
559 2072 702 2112 caesurae
725 2053 808 2115 sede:
833 2055 967 2112 conferas
991 2075 1015 2114 e.
1039 2074 1068 2130 g.
1094 2054 1189 2114 Theb.
1213 2053 1259 2112 ΙΙΙ
1277 2054 1354 2113 363:
1378 2053 1462 2130 quin-

347 2146 493 2224 quaginta
523 2143 582 2202 illis
612 2143 737 2201 heroum
767 2143 946 2202 immanibus
978 2143 1100 2204 umbris.
1148 2143 1186 2204 ib.
1221 2142 1265 2201 VI
1291 2147 1353 2202 154
1385 2143 1460 2218 (147

347 2233 495 2312 Kohlm.):
520 2254 579 2290 non
602 2252 704 2309 regem
728 2232 940 2309 dominumque
963 2233 1077 2292 alienos
1100 2233 1192 2311 impia
1209 2224 1321 2310 partus.
1346 2231 1383 2292 al.
1399 2230 1463 2288 Hoc

347 2343 468 2403 quoque
491 2321 587 2380 obiter
615 2324 779 2381 monuerim
808 2323 961 2400 proposita
991 2322 1119 2381 lectione
1141 2321 1268 2380 Statium
1301 2339 1461 2379 accommo-

346 2413 413 2486 dari
436 2409 474 2470 ad
498 2430 682 2470 communem
705 2421 859 2485 poetarum
883 2411 1056 2470 Latinorum
1083 2431 1170 2470 usum
1194 2412 1247 2489 qui
1270 2445 1311 2454 -
1337 2419 1462 2488 excepto

350 2521 410 2560 uno
435 2499 515 2579 quod
537 2501 719 2558 meminerim
740 2500 880 2558 Petronio
905 2520 928 2560 c.
962 2502 1020 2560 131
1047 2535 1088 2544 -
1113 2502 1142 2558 in
1167 2500 1290 2557 vocibus
1318 2498 1465 2584 ‘Daphne

347 2590 526 2670 Daphneus,
556 2583 701 2668 Daphnis'
728 2590 792 2649 sim.
818 2591 941 2667 primam
967 2589 1111 2667 syllabam
1136 2588 1313 2667 producunt.
1336 2624 1374 2631 —
1393 2587 1466 2661 Qui·

347 2680 403 2738 bus
426 2679 463 2737 de
479 2680 585 2754 causis,
610 2680 689 2737 utin
704 2677 763 2736 fine
779 2677 988 2756 disputationis
1004 2683 1184 2758 complectar
1200 2682 1291 2738 totius
1307 2696 1462 2754 summam,

347 2770 389 2828 sic
412 2769 490 2826 hunc
513 2769 610 2826 locum
634 2767 695 2844 legi
718 2767 823 2826 velim:

476 2892 553 2951 hanc
576 2894 601 2951 si
624 2891 812 2953 Thessalicos
836 2891 970 2967 vidisses,
994 2893 1126 2968 Phoebe,
1150 2914 1203 2974 per
1228 2913 1315 2972 agros

477 2992 589 3040 erraret
612 2982 739 3057 Daphne
762 3003 879 3062 secura3
904 2985 935 3041 in
957 2983 1043 3042 litore
1066 2983 1147 3042 Naxi

477 3070 627 3130 Theseum
650 3073 736 3130 iuxta
759 3072 835 3131 foret
858 3072 933 3131 haec
957 3084 1115 3152 conspecta
1139 3072 1251 3146 cubile;

477 3158 609 3220 Gnosida
633 3160 781 3220 desertam
804 3162 952 3241 profugus
975 3161 1112 3242 liquisset
1135 3173 1164 3220 et
1187 3162 1284 3220 Euan.

438 3286 627 3365 Quamquam
651 3288 744 3362 igitur
767 3287 868 3348 multis
886 3289 958 3346 locis
976 3286 1113 3346 traditam
1130 3287 1287 3346 lectionem
1305 3284 1465 3344 defenden-

352 3378 419 3437 dam
445 3397 509 3436 esse
531 3374 670 3448 vidimus,
694 3385 794 3434 tamen
817 3377 909 3453 longe
925 3397 944 3434 a
959 3396 1030 3434 vero
1051 3395 1101 3434 eos
1117 3376 1257 3434 aberrare
1271 3373 1350 3432 haud
1369 3375 1468 3434 nescio

353 3468 406 3546 qni
430 3465 546 3525 codices
570 3462 702 3526 adorant.
750 3465 809 3538 Qui
840 3486 878 3524 ne
905 3467 935 3524 in
960 3465 1055 3524 Statio
1080 3463 1199 3543 quidem
1232 3464 1363 3524 defuere.
1410 3463 1468 3522 Sed

352 3557 517 3614 rectissime
541 3554 712 3614 Vollmerus
736 3551 769 3636 (l.
795 3554 814 3613 l.
845 3575 873 3629 p.
900 3556 954 3632 34)
985 3557 1157 3633 nuperrime
1181 3553 1267 3615 dixit:
1295 3552 1374 3635 (dass
1404 3553 1469 3612 hier

354 3644 480 3728 (scilicet
505 3646 536 3702 in
560 3643 655 3722 silvis)
687 3645 735 3702 die
757 3633 992 3720 Uberlielerung
1019 3644 1180 3719 mbglichst
1202 3664 1239 3702 nn
1263 3642 1384 3700 wahren
1406 3641 1469 3700 und

352 3754 409 3794 nur
434 3755 512 3811 ganz
535 3732 686 3792 schonend
709 3754 747 3793 zu
769 3732 881 3792 andern
898 3727 955 3798 ist)
998 3735 1098 3812 Atque
1119 3746 1222 3792 extare
1238 3735 1269 3789 in
1289 3731 1372 3790 silvis
1388 3731 1471 3790 haud

353 3843 464 3902 paucos
486 3823 566 3881 locos
590 3825 642 3902 qui
666 3821 765 3882 adhuc
788 3843 907 3882 manum
933 3821 1161 3882 emendatricem
1186 3820 1369 3899 desiderent,
1402 3839 1482 3880 con*

355 3922 422 3985 stat,
446 3912 500 3972 ubi
524 3923 576 3972 aut
599 3913 703 3970 vitium
728 3910 859 3970 nondum
884 3914 1033 3988 cognitum
1059 3922 1104 3970 est
1128 3923 1180 3970 aut
1204 3910 1362 3968 violentius
1379 3930 1467 3990 quam

350 4002 542 4062 verisimilius
573 4001 732 4080 expulsum
757 4010 811 4062 est.
859 4001 926 4074 Quo
949 4021 988 4059 ex
1011 4020 1133 4061 numero
1156 4003 1180 4059 si
1203 3998 1355 4058 nonnullis
1378 3998 1466 4060 medi·

350 4093 456 4151 cinam·
471 4101 505 4151 ut
528 4091 665 4150 afferrem
689 4091 762 4149 mihi
793 4093 931 4167 contigit,
965 4091 1044 4148 hunc
1075 4092 1203 4150 fructum
1236 4089 1468 4167 copiosissimum

348 4181 486 4242 laborum
508 4200 641 4241 meorum
664 4180 790 4242 habebo.

441 4272 544 4350 Atque
569 4272 646 4328 inter
669 4270 751 4328 locos
774 4269 811 4328 de
839 4268 949 4348 quibus
973 4289 1079 4348 parum
1109 4277 1191 4326 recte
1221 4265 1392 4326 indicavere
1414 4267 1470 4326 viri

351 4357 427 4419 docti
460 4370 508 4420 ast
538 4359 652 4428 balnei
680 4359 812 4426 Etrusci
836 4359 870 4438 (I
892 4359 927 4436 5)
959 4381 985 4426 v.
1016 4360 1048 4424 4.
1095 4358 1142 4416 Ex
1173 4378 1227 4418 sua
1258 4354 1470 4417 consuetudine
