3440 5096
729 441 946 509 ...79.,.'

280 629 392 709 optime
417 626 632 688 demonstravit
654 625 898 688 Lundstroamius
926 627 1011 688 cuius
1040 626 1156 688 doctam
1185 626 1222 688 de
1249 626 1306 688 hoc
1332 627 1395 688 loco

278 718 511 800 disputationem
534 716 702 778 exscribere
729 717 808 777 nolo.

901 827 981 867 nunc
1004 817 1130 885 tempus,
1155 807 1253 882 amici,

470 916 596 978 quorum
620 916 678 974 ego
701 905 858 957 manantes
883 897 984 958 oculos
1008 905 1037 957 οῖ
1059 897 1161 956 saucia
1185 898 1281 956 tersi*

386 991 438 1049 45.
466 999 597 1067 pectora,
620 984 735 1045 reddite
758 1007 852 1066 opem,
877 1006 983 1046 saevas
1007 985 1153 1046 exsolvite
1175 997 1286 1069 grates,

467 1077 606 1137 nimirum
630 1096 696 1135 cum
720 1087 821 1136 vestra
843 1075 946 1135 domus
969 1096 1026 1153 ego
1049 1076 1155 1137 funera
1178 1085 1310 1136 maestus

469 1166 658 1245 increpitans,
683 1167 736 1245 qui
759 1163 868 1224 damna
891 1164 994 1224 dolens
1018 1165 1117 1225 aliena
1140 1185 1251 1246 repone

469 1256 573 1316 infelix
596 1255 733 1315 lacrimas
756 1265 786 1314 et
810 1255 905 1314 tristia
928 1255 1059 1314 carmina
1082 1275 1178 1316 serva.

279 1348 321 1404 sic
336 1347 440 1425 scripti
460 1363 529 1406 sunt
553 1346 581 1403 ei
604 1365 709 1404 versus
733 1347 764 1403 in
779 1344 872 1407 libris.
896 1365 924 1403 v.
950 1347 991 1404 46
1010 1383 1051 1396 -
1068 1349 1109 1404 48
1127 1345 1207 1406 bunc
1228 1347 1261 1405 in
1276 1344 1396 1406 modum

279 1436 442 1496 restituisse
465 1435 522 1494 sibi
545 1437 626 1494 visus
650 1444 696 1494 est
718 1435 896 1493 novissimus
920 1434 1009 1494 buius
1033 1434 1156 1511 eclogae
1180 1433 1289 1496 editor:

468 1525 607 1583 nimirum
631 1544 698 1584 cum
721 1534 824 1584 vestra
847 1522 949 1584 domus
973 1543 1030 1601 ego
1054 1523 1164 1584 funera
1186 1536 1316 1586 maestus

469 1615 659 1693 increpitans,
684 1633 751 1673 cum
775 1611 885 1673 damna
908 1612 1010 1674 dolens
1033 1613 1132 1674 aliena
1154 1633 1266 1695 repono

387 1735 389 1741 2
466 1704 573 1763 infelix
595 1705 733 1764 lacrimas
756 1714 787 1763 οῖ
809 1705 906 1764 tristia
930 1704 1062 1764 carmina
1084 1723 1181 1766 servo.

280 1801 371 1872 atque
398 1793 441 1852 sic
468 1795 680 1873 interpretatus
709 1804 770 1852 cst:
795 1793 873 1868 jetzt
900 1792 1049 1867 Freunde,
1078 1794 1117 1852 ist
1144 1814 1175 1853 es
1199 1794 1274 1869 Zeit,
1302 1794 1419 1856 belletv

279 1883 343 1964 mir,
374 1881 514 1944 bewciset
540 1884 598 1942 mir
625 1880 682 1943 den
711 1884 866 1960 traurigen
889 1880 1106 1960 Gegendienst,
1132 1885 1210 1958 jetct
1233 1883 1272 1943 da
1293 1885 1341 1944 iob
1362 1887 1397 1960 ja

279 1973 385 2031 mitten
408 1973 439 2030 in
462 1973 574 2032 meiner
596 1971 804 2049 Sangerbabn,
835 1971 976 2032 wahrend
1004 1971 1052 2031 ich
1076 1971 1124 2033 die
1148 1974 1266 2034 Trauer
1288 1973 1396 2035 andrer

279 2059 408 2139 singend
441 2082 479 2120 zu
509 2061 686 2122 erleichtern
717 2061 822 2133 suche,
854 2061 902 2122 bei
930 2064 1057 2122 meinem
1086 2063 1223 2142 eigenem
1251 2063 1396 2141 Ungliick

281 2149 371 2210 keine
394 2150 537 2211 Thrbnen
564 2150 626 2211 und
655 2151 745 2210 keine
767 2149 875 2211 Lieder
903 2151 990 2214 habe.
1037 2153 1111 2212 Rem
1140 2152 1216 2212 bene
1244 2155 1394 2231 cognovit,

278 2239 332 2299 aad
363 2261 456 2300 unum
487 2251 530 2300 est
562 2239 642 2320 quod
673 2242 705 2299 in
735 2240 791 2300 bac
826 2241 1027 2321 explicatione
1062 2239 1261 2306 desideratur:
1298 2244 1396 2302 omisit

280 2331 359 2389 enim
383 2351 485 2390 vocem
511 2327 652 2416 ,domm
676 2331 815 2390 nimirum
838 2341 998 2411 propterea
1025 2329 1105 2411 quod
1128 2351 1194 2392 eam
1216 2352 1275 2391 non
1298 2333 1396 2412 potuit

278 2419 461 2500 explicare·
486 2422 588 2499 Atque
618 2420 695 2480 benc
722 2419 794 2480 fecit
822 2418 901 2499 quod
925 2419 1042 2480 hocne
1065 2421 1250 2502 periclitatus
1274 2421 1394 2502 quidem

279 2521 333 2568 est.
373 2509 487 2589 Nequit
503 2513 582 2569 enim
599 2511 717 2568 omnino
735 2511 868 2569 enarrari
892 2530 971 2590 quae
994 2513 1031 2570 sit
1054 2511 1082 2573 h.
1108 2511 1127 2573 l.
1152 2511 1233 2573 illius
1257 2513 1395 2572 vocabuli

278 2601 368 2662 notio.
414 2598 492 2658 Nam
523 2601 645 2684 funera
664 2606 780 2666 vestra
810 2599 921 2665 domus
952 2601 1004 2658 vix
1036 2603 1195 2680 quisquam
1226 2603 1396 2680 coniungat.

279 2687 445 2749 Dicendum
473 2701 545 2749 tunc
572 2690 640 2750 tuit:
671 2693 800 2774 juncta
822 2696 944 2756 vestrae
970 2685 1101 2756 domus.'
1149 2695 1251 2770 Atque
1280 2692 1397 2768 ,funera

279 2780 388 2838 vestra’
413 2779 504 2858 plane
527 2779 637 2838 sufficit
660 2778 698 2837 ad
722 2791 828 2858 poetae
854 2798 973 2839 sensum
997 2779 1232 2859 exprimendum.
1280 2780 1396 2855 Quibus

279 2867 316 2926 de
362 2869 461 2926 causis
506 2888 609 2927 vocem
661 2866 784 2946 ,domus’
839 2871 868 2926 in
918 2869 1116 2947 suspicionem
1167 2889 1247 2932 voco.
1294 2873 1395 2949 Atque

277 2957 477 3017 consideranti
528 2957 602 3016 mihi
652 2957 790 3037 quotiens
836 2977 924 3017 voces
972 2957 1095 3040 ,domus’
1143 2969 1172 3017 et
1215 2956 1338 3038 ,modus’
1377 2979 1396 3018 a

280 3045 409 3106 librariis
440 3049 499 3107 sint
530 3055 728 3107 commutatae
761 3080 798 3091 —
833 3047 971 3127 exempla
994 3048 1082 3108 huius
1105 3049 1212 3108 erroris
1242 3069 1322 3127 quae
1351 3049 1395 3109 in-

276 3155 401 3200 numera
436 3138 499 3197 fere
533 3146 618 3212 sunt,
655 3136 804 3196 ascribere
836 3139 889 3198 vix
919 3157 995 3217 opus
1025 3140 1081 3197 erit
1113 3173 1155 3182 —
1185 3157 1225 3197 ne
1254 3137 1396 3197 audacior

277 3224 390 3306 videar,
419 3228 472 3286 vix
500 3246 606 3287 vereor
633 3228 658 3285 si
689 3246 742 3306 pro
778 3224 902 3305 ,domus'
937 3228 1056 3313 ιφηοάῖὲ
1089 3227 1210 3290 conicio.
1257 3225 1344 3303 Quod
1371 3229 1396 3288 si

277 3315 465 3392 probabitur,
497 3317 586 3376 facile
617 3315 762 3375 concedes
790 3317 821 3374 in
848 3317 907 3376 fine
936 3337 1039 3376 versus
1064 3318 1211 3396 ,maestis‘
1236 3336 1300 3376 esse
1324 3319 1395 3376 scri-

281 3405 418 3468 bendum.
458 3405 576 3480 Quibus
592 3405 808 3466 mutationibus
833 3405 946 3486 siquid
969 3407 1001 3465 in
1024 3427 1071 3466 me
1087 3405 1188 3465 iudicii
1212 3417 1267 3487 est,
1290 3426 1395 3467 sensus

277 3515 338 3554 non
366 3496 456 3574 plane
483 3495 681 3555 intolerabilis
710 3496 827 3556 elicitur
855 3495 1004 3576 everbis,
1034 3516 1112 3575 quae
1139 3509 1244 3575 aperta
1272 3516 1394 3577 corrup-

275 3586 337 3644 tela
359 3585 506 3647 laborant.

367 3674 425 3735 Sed
449 3678 508 3734 iam
531 3675 620 3735 finem
650 3676 837 3754 imponamus
860 3673 1044 3757 disserendo,
1069 3695 1107 3733 ne
1131 3685 1253 3754 superet
1275 3675 1395 3734 solitum

277 3763 396 3824 modum
425 3778 528 3824 nostra
544 3765 716 3844 disputatio.
753 3766 878 3825 Etiamsi
901 3784 961 3823 non
984 3765 1097 3844 ubique
1122 3763 1288 3844 applaudes
1312 3764 1393 3838 mihi,

278 3868 378 3912 tamen
401 3855 456 3914 boo
480 3853 625 3914 concedes
649 3868 790 3913 accurata
809 3856 1055 3933 interpretatione
1078 3854 1145 3934 plus
1168 3856 1199 3912 in
1223 3855 1306 3913 silvis
1331 3856 1394 3912 Sta-

278 3943 366 4001 tianis
396 3944 578 4005 collucandis
607 3945 741 4004 criticum
770 3945 890 4024 assequi
918 3963 1003 4020 posse
1032 3963 1122 4023 quam
1146 3944 1303 4003 temeraria
1326 3963 1394 4001 con-

276 4031 405 4093 iectandi
429 4034 563 4098 libidine.
608 4037 709 4113 Atque
732 4035 763 4092 in
787 4034 842 4094 hoc
866 4035 1033 4113 acquiesce.

678 4225 982 4247 *ww-..-
