3440 5096
699 477 918 543 ⁹17-

248 668 321 726 tium
346 659 474 724 fortasse
497 663 630 721 imitatus
654 669 697 721 est
715 661 896 740 Apollinaris
918 659 1056 720 Sidonius
1080 679 1168 722 carm.
1189 664 1218 740 2,
1239 665 1314 724 109:
1339 665 1370 720 et

248 759 313 816 sine
336 773 368 815 ae
392 755 470 813 natis
493 751 603 811 invidit
625 752 783 831 pampinus
806 753 883 809 uvis.

340 848 369 907 6.
392 843 456 909 buo
470 863 518 908 me
529 847 601 925 post
611 841 717 919 pastro
729 841 846 906 lecim
859 840 1086 923 quinquennio
1099 840 1194 905 lustri
1206 846 1271 906 etc:
1286 860 1369 919 spec-

238 945 318 997 tant
332 928 409 992 baec
424 930 525 1005 verba,
542 929 573 988 id
590 930 669 1010 quod
685 931 780 1009 primo
799 931 906 988 obtutu
922 938 1054 1008 apparet,
1077 927 1116 986 ad
1131 928 1218 988 ludos
1235 932 1368 1006 August-

254 1024 326 1102 ales,
352 1023 404 1102 qui
428 1021 528 1101 quinto
553 1039 675 1099 quoque
698 1039 776 1078 anno
799 1019 927 1098 Neapoli
951 1016 1187 1096 celebrabantur.
1234 1018 1370 1078 Fuerunt

256 1122 354 1172 autom
372 1129 480 1189 agones
497 1119 527 1169 et
542 1109 673 1188 gymnici
690 1123 719 1168 et
734 1109 846 1170 musici.
886 1109 957 1186 Elgit
972 1127 1069 1187 nuper
1085 1107 1122 1166 de
1138 1109 1181 1166 eie
1197 1107 1367 1180 Belochius‚

259 1201 328 1285 (1.1.
352 1222 380 1281 p.
406 1203 466 1260 269
492 1195 550 1279 sq.)
584 1199 668 1258 cuius
691 1195 888 1277 disputationi
911 1217 971 1257 non
995 1197 1033 1256 ab
1058 1198 1138 1256 omni
1162 1205 1248 1276 parte
1271 1217 1368 1256 assen-

218 1331 221 1336 ι
258 1293 304 1349 tiri
327 1309 453 1370 possum.
501 1291 602 1368 Atque
633 1286 779 1367 quidquid
803 1286 840 1348 de
871 1286 949 1346 ludis
971 1288 1002 1345 in
1026 1289 1197 1347 universnm
1222 1289 1368 1366 exposuit,

257 1391 333 1439 recto
360 1379 420 1438 talo
445 1388 513 1438 stat.
560 1378 675 1437 Tamen
701 1375 737 1435 de
760 1376 816 1436 hoc
839 1377 903 1436 loco
927 1375 1009 1435 haud
1032 1378 1093 1435 scio
1117 1397 1155 1435 an
1179 1396 1272 1454 prave
1294 1375 1369 1434 iudi·

255 1470 364 1528 caverit
397 1468 457 1530 ille.
503 1466 562 1527 Sed
594 1467 661 1526 nolo
693 1479 830 1546 repetere
861 1487 897 1524 ea
921 1466 1031 1546 quibus
1055 1465 1268 1526 Kcrckholfius
1293 1465 1324 1542 (l.
1349 1466 1367 1527 l.

254 1580 282 1638 p.
309 1557 362 1638 14)
394 1559 457 1618 eius
482 1557 681 1617 coniecturam
713 1565 793 1614 recte
822 1556 978 1615 refutavit:
1010 1575 1104 1614 unum
1128 1554 1246 1616 adnoto.
1293 1554 1370 1614 Nam

253 1647 362 1726 quibus
386 1648 484 1706 cauus
508 1657 670 1706 commotus
687 1644 846 1704 Beloclrius
863 1647 989 1706 Statium
1015 1645 1127 1722 eclogis
1149 1645 1212 1704 112
1238 1654 1268 1702 et
1291 1644 1368 1704 IIIl

252 1735 378 1796 eundem
415 1735 492 1796 diem
528 1735 726 1795 celebravisse
761 1737 913 1808 statuerit,
950 1755 1007 1794 non
1038 1735 1245 1814 pronuntiavit
1273 1752 1372 1812 neque

253 1825 325 1884 mihi
347 1825 450 1905 liquat.
496 1824 626 1884 Statium
660 1832 760 1883 autern
795 1823 855 1882 illis
889 1823 976 1895 ludis,
1013 1822 1050 1882 de
1082 1823 1193 1903 quibus
1224 1823 1280 1881 hoc
1308 1823 1371 1881 loco

252 1917 345 1974 verba
367 1915 449 1993 facit,
474 1916 592 1993 vicisse,
616 1915 695 1973 male
718 1912 963 1972 Friedltnderum
989 1912 1069 1988 (hiat.
1088 1932 1160 1975 mor.
1184 1912 1231 1970 III
1248 1933 1276 1990 p.
1293 1908 1371 1994 442)

253 2005 432 2064 conclusisse
457 2023 493 2062 ex
509 2003 555 2062 his
573 2002 706 2063 versibus
723 2000 905 2079 argumentis
928 2002 966 2060 ad
990 1999 1231 2080 persuadendum
1255 1999 1371 2058 idoneis

144 2121 147 2126 ·
254 2093 467 2153 demonstravit
496 2093 716 2154 Kerclrhosfius.
763 2092 828 2150 Hoc
851 2093 944 2169 igitur
966 2100 1082 2151 tantum
1106 2109 1161 2170 pro
1186 2098 1268 2148 certo
1301 2090 1372 2149 licet

257 2193 394 2262 statuere,
420 2183 508 2241 tertio
532 2183 658 2241 alicuius
675 2180 851 2260 olympiadis
875 2201 953 2240 anno
980 2214 1016 2225 ·-
1043 2200 1112 2239 nam
1134 2178 1186 2238 illo
1202 2178 1385 2256 agebantur,

255 2271 316 2332 ludi
331 2272 513 2331 illi-hanc
526 2272 660 2347 eclogam
677 2291 741 2331 esso
757 2273 959 2350 compositam.
975 2305 1016 2314 -
1030 2268 1140 2328 Similis
1153 2288 1255 2328 versus
1273 2269 1372 2327 exitus

255 2363 394 2421 occurrit:
420 2361 463 2420 IV
479 2363 508 2435 2,
527 2363 577 2422 62.
605 2361 674 2432 V3,
694 2364 766 2422 225.

346 2455 374 2514 7.
399 2473 472 2517 cerm
494 2451 597 2518 nodio
620 2450 686 2516 ism
705 2451 802 2535 ptyra
825 2451 914 2532 quim
942 2470 1103 2531 canusque
1126 2447 1372 2530 reoccupatus

250 2539 452 2600 Marklandus
477 2560 543 2599 cum
567 2541 694 2619 pessime
722 2538 770 2597 hic
793 2559 896 2598 vocem
924 2532 1027 2624 ‘pigra'
1055 2539 1146 2597 inseri
1169 2537 1226 2596 sibi
1250 2556 1373 2615 persua-

254 2630 351 2709 sisset,
376 2628 468 2690 edidit
486 2639 581 2712 ‘parta
598 2622 716 2708 quies‘':
742 2648 831 2708 quam
849 2629 1050 2688 coniecturam
1067 2627 1255 2686 Burmannus
1272 2626 1374 2685 reiecit

255 2720 291 2783 cl.
316 2716 422 2780 Claud.
451 2718 488 2777 de
518 2727 595 2798 rapt.
620 2718 699 2778 Pros.
724 2718 771 2777 ΙΙΙ
795 2721 845 2780 21.
869 2716 925 2778 Ov.
950 2738 1006 2778 arn.
1035 2718 1100 2788 19,
1126 2720 1177 2775 41.
1210 2715 1283 2776 Stat.
1307 2713 1372 2775 silv.

253 2810 286 2869 II
299 2811 329 2881 3,
342 2812 390 2871 66.
415 2806 529 2870 Adde:
553 2809 610 2879 16,
623 2811 672 2870 91.
697 2808 735 2872 Α.
757 2807 860 2867 1438.
907 2805 1024 2880 Quibus
1046 2805 1119 2864 locis
1136 2805 1170 2862 fit
1185 2803 1374 2863 manifestum

257 2901 374 2983 pigram
398 2896 479 2956 haud
496 2897 659 2956 insolenter
674 2896 819 2976 appellari
837 2897 976 2974 quietem.
1002 2889 1105 2978 ‘parta'
1132 2905 1231 2953 autem
1247 2894 1375 2952 immane

256 2998 401 3068 quantum
429 2988 569 3065 languet:
601 2981 706 3069 ‘pigra'
737 2987 849 3066 optime
877 3005 909 3044 se
933 2985 1033 3046 habet.
1078 2984 1156 3043 Nam
1180 2985 1257 3042 inter
1280 2992 1374 3042 certa·
1449 3025 1451 3030 .

257 3079 338 3136 mina
372 3077 500 3136 stadium
533 3074 750 3155 quodammodo
783 3077 880 3153 ipsum
913 3074 1071 3135 laborabat
1100 3082 1129 3132 et
1157 3070 1372 3132 contendebat:

257 3179 361 3246 postea
395 3187 450 3245 pro
481 3165 579 3225 studio
603 3176 634 3223 et
656 3165 761 3224 labore
789 3164 912 3244 pigritia
940 3163 1097 3241 regnabat,
1131 3162 1184 3222 ubi
1215 3162 1316 3240 gravis
1346 3171 1375 3218 et

258 3257 397 3316 molestus
426 3275 476 3315 aer
505 3257 536 3314 in
563 3255 679 3314 theatro
704 3253 879 3315 considerat.
905 3290 944 3300 -
970 3273 1063 3313 canus
1087 3250 1168 3331 apud
1191 3262 1295 3330 poetas
1319 3250 1374 3309 La·

256 3348 334 3406 tinos
362 3363 577 3424 nonnunquam
605 3344 705 3424 pulvis
737 3353 875 3417 vocatur3
906 3343 942 3406 cl.
971 3342 1009 3404 H.
1038 3341 1189 3412 Bliimner,
1222 3341 1279 3399 Dio
1306 3339 1375 3398 Far·

261 3435 569 3510 benbczeichnungcn
593 3434 641 3492 bei
674 3432 732 3492 den
754 3433 952 3492 lateinischen
975 3428 1152 3508 Dichtcrn1)
1183 3450 1212 3508 p.
1239 3432 1295 3491 80:
1319 3427 1373 3489 Ov.

257 3527 318 3584 Ibis
343 3527 416 3586 388.
441 3523 495 3587 Sil.
519 3523 556 3582 lt.
581 3522 730 3592 XV,743.
777 3521 882 3582 Claud.
907 3521 944 3580 ds
967 3532 1043 3599 rapt.
1067 3521 1148 3581 Pros.
1172 3519 1196 3590 1,
1213 3522 1284 3604 186.

346 3619 375 3674 8.
400 3613 441 3680 od
468 3613 657 3679 Ambracias
689 3633 841 3679 converso
869 3612 1030 3696 pymrsudc
1052 3610 1197 3694 frondes:
1232 3609 1272 3666 ab
1296 3611 1375 3666 omni

259 3705 451 3764 dubitatione
481 3713 626 3761 remotum
658 3712 712 3775 est,
746 3703 819 3781 quin
842 3702 1019 3761 Ambraciae
1054 3696 1174 3757 lrondes
1209 3697 1377 3773 significent

258 3793 344 3853 ludos
370 3792 437 3852 illos
461 3792 593 3871 Apollini
617 3789 778 3864 dedicatos,
811 3810 884 3870 quos
908 3793 1063 3866 Augustus
1091 3787 1129 3846 ob
1153 3789 1296 3845 victoriae
1319 3787 1375 3844 Ac·

255 3886 353 3942 tiacae
376 3883 548 3941 memoriam
572 3882 750 3942 instituerat.
798 3879 965 3940 Oausalitsr
986 3888 1083 3936 autem
1101 3874 1293 3955 accipiendus
1310 3894 1375 3933 esse

255 3971 375 4032 videtur
398 3971 549 4031 ablativus
574 3970 727 4030 absolutus
751 3971 803 4049 qui
827 3968 950 4030 dicitur:
981 3966 1147 4026 ostenditur
1171 3985 1224 4025 cur
1246 3963 1374 4024 stadium
1469 4008 1471 4014 .

257 4062 491 4141 Neapolitanum
522 4062 582 4118 iam
616 4061 736 4138 pigrum
769 4060 815 4121 sit.
847 4077 973 4136 gymnas
1006 4057 1126 4135 proprio
1156 4062 1306 4134 spectaret
1337 4053 1374 4111 ad

259 4152 429 4230 gymnicum
455 4150 550 4211 solum
575 4159 740 4222 certamen,
772 4147 824 4206 scd
858 4146 1037 4222 amplificata
1068 4147 1188 4205 notione
1220 4145 1310 4202 etiam
1338 4141 1375 4200 ad

257 4433 327 4487 xm
346 4360 515 4504 (lpglgppliner
542 4360 657 4415 Studien
681 4359 728 4413 fiir
750 4357 902 4413 klassisclre
921 4355 1077 4424 Philologic
1103 4355 1158 4408 und
1177 4351 1376 4421 Archacologie
