3440 5096
698 482 919 541 ...65-

249 661 292 720 sic
323 679 480 740 perperam
511 653 570 734 τὴν
598 654 736 736 μεγάλην
761 651 899 718 Ἑλλάδα
930 663 1048 718 vertere
1079 656 1208 718 solemus
1246 693 1281 703 -
1313 657 1367 740 qui

250 750 314 810 eins
338 747 496 829 disciplina
518 749 562 807 uti
586 747 707 809 vellent.

360 879 431 937 162.
457 872 536 949 Quid
559 875 675 949 mirum,
700 875 724 933 si
748 882 777 932 te
802 874 899 953 patria
922 873 1034 952 petiere
1055 872 1169 946 relicta,

463 984 538 1044 quoe
560 963 700 1023 Lucanus
723 982 806 1041 ager,
830 961 920 1040 rigidi
944 982 1017 1043 quos
1039 963 1146 1040 iugera
1169 963 1278 1036 Dauni,

463 1073 537 1134 quos
561 1052 672 1113 Veneri
694 1053 811 1133 plorata
835 1052 946 1131 domus,
971 1053 1171 1132 neglectaque
1195 1052 1284 1111 tellus

361 1147 432 1205 165.
458 1141 583 1204 Alcidae
607 1143 655 1202 vel
679 1162 754 1223 quos
779 1163 795 1201 e
819 1143 930 1202 vertice
954 1143 1129 1202 Surrentino

463 1233 552 1292 mittit
574 1232 727 1310 Tyrrheni
752 1231 937 1312 speculatrix
960 1233 1047 1308 virgo
1073 1230 1223 1311 profundi,

464 1322 538 1402 quo's
562 1323 715 1402 propriore
738 1322 805 1381 sinu
829 1322 903 1380 lituo
927 1340 1070 1400 remoque
1093 1332 1213 1381 notatus

464 1411 546 1472 collis
571 1421 601 1471 et
623 1413 750 1471 Ausonii
773 1409 888 1492 pridem
911 1411 982 1470 laris
1005 1411 1126 1490 hospita
1149 1411 1240 1490 Cyme

465 1521 601 1581 quosque
624 1501 783 1561 Dicarchei
805 1510 910 1581 portus
934 1501 1109 1580 Baianaque
1132 1502 1255 1559 mittunt

362 1593 433 1653 170.
459 1590 547 1650 litora
570 1610 631 1670 qua
654 1589 757 1650 mediis
781 1592 841 1649 alte
864 1591 1030 1670 permixtus
1054 1589 1177 1649 anhelat

464 1681 543 1757 ignis
568 1682 654 1760 aquis
677 1691 707 1738 et
730 1693 833 1761 operta
856 1681 955 1740 domos
978 1679 1117 1768 incendia
1139 1691 1269 1740 servant.
1324 1729 1328 1738 .

252 1804 379 1882 Singula
408 1807 599 1885 interpretari
622 1826 682 1864 non
713 1825 787 1881 opus
819 1815 872 1878 est,
906 1807 977 1885 quia
1006 1806 1071 1884 ipse
1102 1813 1192 1884 poeta
1215 1815 1250 1864 ut
1272 1807 1370 1864 omnia

253 1894 333 1953 clara
349 1904 441 1974 atque
457 1895 615 1954 manifesta
631 1905 728 1954 essent
743 1896 876 1973 provisit.
916 1895 1018 1956 Unum
1040 1905 1140 1953 tamen
1163 1913 1222 1974 non
1240 1905 1370 1974 praeter·

251 1985 380 2045 mittam:
408 1983 498 2063 plane
527 2004 546 2041 a
568 2003 640 2043 vero
671 1984 824 2043 aberravit
846 1979 1044 2064 Potsterus1),
1069 2004 1135 2042 cum
1167 2004 1195 2043 v.
1225 1986 1284 2042 166
1315 2004 1370 2063 pro

255 2069 361 2158 ι71119ιί
397 2067 490 2158 ‘villa'
524 2072 713 2134 scribendum
744 2075 868 2135 censuit.
915 2073 1009 2148 Quasi
1040 2093 1099 2132 non
1130 2081 1191 2132 toto
1216 2071 1369 2150 Surrento,

251 2161 303 2222 sed
327 2183 366 2221 ex
389 2181 450 2221 una
473 2162 561 2221 Pollii
591 2164 665 2221 villa
688 2197 730 2210 -
754 2163 831 2222 hanc
854 2165 933 2222 enim
956 2163 1022 2221 vult
1044 2161 1095 2221 ille
1118 2162 1310 2239 subintellcgi
1328 2197 1369 2207 -

253 2253 407 2312 venissent
430 2250 577 2331 discipuli.
624 2253 719 2330 Virgo
749 2263 795 2312 est
818 2254 962 2324 Minerva,
994 2250 1031 2310 de
1062 2253 1147 2312 cuius
1177 2253 1208 2309 in
1231 2271 1370 2330 promun-

252 2344 331 2400 turio
355 2342 510 2401 Minervae
541 2342 651 2421 templo
684 2362 775 2421 supra
808 2343 849 2422 (p.
877 2343 929 2417 16)
961 2343 1085 2418 egimus.
1132 2360 1164 2408 v.
1192 2345 1253 2402 170
1277 2343 1371 2421 possit

252 2429 362 2510 aliquis
385 2430 486 2490 induci
510 2440 544 2490 ut
571 2426 729 2516 ιφνιράῑόὁέ,
755 2451 815 2490 non
842 2428 972 2516 ‘mediis‘
998 2452 1017 2489 a
1040 2431 1128 2490 Statii
1152 2450 1242 2490 mann
1257 2432 1370 2506 profec-

253 2529 316 2579 tum
349 2539 413 2579 esse
445 2529 566 2581 statuat.
615 2521 712 2595 Quam
744 2522 944 2581 coniecturam
975 2541 1013 2580 ne
1043 2519 1202 2600 prohemus
1233 2520 1372 2599 prohibet

252 2609 385 2688 12,10;
407 2610 610 2686 <Elegca>
629 2609 750 2694 (medias
775 2611 852 2669 fallit
874 2611 1022 2690 permixta
1046 2603 1181 2669 sororcs’.
1222 2610 1281 2668 Sed
1297 2609 1372 2668 haec

254 2699 340 2778 quasi
363 2719 417 2778 per
440 2699 642 2776 παρὲκβασινι
671 2699 708 2760 de
738 2721 766 2761 v.
801 2702 859 2760 171
891 2700 1070 2779 disputaturi
1098 2718 1224 2758 eramus.
1272 2699 1371 2758 Variis

254 2789 329 2846 enim
362 2787 515 2848 medicinis
547 2810 601 2868 per
639 2799 782 2868 quattuor
812 2788 933 2848 saecula
969 2789 1050 2847 hunc
1072 2789 1169 2847 locum
1193 2808 1298 2846 sanare
1321 2809 1372 2848 vo·

254 2877 377 2936 luerunt
398 2880 456 2937 viri
480 2878 570 2940 docti:
595 2879 707 2937 nemini
730 2898 872 2958 prospere
895 2898 942 2938 res
965 2881 1060 2938 cessit.
1108 2880 1205 2938 Sanus
1229 2880 1307 2936 enim
1328 2886 1373 2937 est

252 2966 334 3025 locus
366 2977 458 3046 atque
488 2969 698 3047 explicationis
733 2971 833 3046 potius
875 2967 990 3044 indiget
1026 2987 1116 3046 quam
1148 2965 1371 3030 emendationis.

252 3054 391 3132 Longum
416 3068 461 3116 est
484 3058 570 3115 varia
585 3059 715 3116 virorum
740 3057 894 3116 doctorum
909 3058 1066 3115 conamina
1085 3075 1269 3129 enumerare,
1294 3076 1373 3136 qnae

254 3164 289 3204 eo
313 3147 409 3221 magis
433 3146 574 3206 transiliri
598 3157 732 3226 possunt,
765 3146 844 3226 quod
875 3167 914 3205 ne
936 3148 1100 3206 minimum·
1114 3144 1234 3225 quidem
1258 3145 1373 3205 lucrum

254 3233 325 3294 inde
356 3236 481 3314 capitur.
528 3235 671 3295 Incendia
701 3248 805 3315 operta
833 3236 945 3295 scilicet
975 3236 1054 3295 dicta
1084 3245 1153 3295 sunt
1184 3235 1221 3294 de
1250 3236 1373 3314 ignibus

252 3324 456 3383 subterraneis
480 3326 557 3384 sicut
580 3347 608 3385 v.
633 3328 706 3388 205.
753 3325 866 3385 Statius
893 3320 1061 3411 ‘incendia’
1088 3323 1125 3383 de
1148 3325 1372 3404 erumpentibus
1478 3359 1484 3378 ,

251 3413 376 3489 ignibus
401 3413 485 3485 dixit,
515 3414 551 3473 cf.
581 3416 612 3475 ΙΙ
637 3418 665 3489 6,
681 3416 733 3478 62.
780 3415 839 3490 Qui
863 3417 887 3474 si
919 3415 1039 3494 quando
1071 3424 1241 3496 erumpunt,
1273 3412 1374 3473 delent

253 3503 361 3565 domos.
406 3504 488 3578 Ergo
517 3503 611 3562 donec
642 3524 702 3562 non
733 3507 903 3583 erumpunt,
935 3525 993 3564 non
1025 3505 1125 3563 delent
1148 3505 1258 3581 domos,
1291 3503 1320 3564 h.
1347 3523 1373 3566 a.

252 3603 375 3651 servant
399 3590 512 3653 domos:
537 3592 637 3653 αἴτιον
660 3589 698 3652 τὸ
721 3591 763 3671 μὴ
779 3592 881 3654 αἴτιον
896 3614 977 3653 more
992 3594 1221 3652 familiarissimo
1237 3592 1371 3672 poetis.²)

341 3685 443 3762 Atque
466 3685 607 3760 quoniam
623 3683 712 3740 Statii
736 3683 874 3743 defensor
898 3685 1007 3764 exstiti,
1030 3685 1062 3740 in
1085 3683 1142 3741 hoc
1164 3703 1288 3741 munere
1312 3683 1373 3742 exi·

252 3771 350 3848 gendo
379 3772 540 3830 subsistam
564 3772 718 3846 paululum
754 3784 784 3831 ct
814 3773 964 3832 nonnullis
994 3772 1067 3830 locis
1098 3773 1152 3831 sua
1186 3773 1213 3830 ei
1248 3770 1373 3831 reddere

252 3860 391 3922 conabor.
427 3861 546 3920 Patrem
563 3871 711 3921 mortuum
727 3861 765 3920 ah
782 3863 885 3921 inferis
901 3861 998 3920 redire
1013 3862 1080 3920 vult
1094 3871 1194 3937 poeta:
1214 3861 1242 3922 V
1256 3864 1285 3932 3,
1300 3863 1373 3921 271:

363 3951 389 4009 si
411 3951 519 4029 chelyn
542 3949 699 4028 Odrysiam
724 3953 811 4031 pigro
835 3954 999 4011 transmisit
1022 3954 1142 4011 Averno

365 4059 455 4098 causa
477 4042 588 4119 minor3
612 4042 637 4099 si
661 4040 842 4100 Thessalicis
865 4039 1011 4100 Admetus
1033 4043 1065 4099 in
1090 4043 1148 4099 oris

364 4129 441 4188 silua
464 4149 525 4188 una
548 4142 627 4189 retro
651 4130 835 4209 Phylaceida
858 4131 974 4190 rettulit
997 4130 1148 4193 umbram:

365 4238 418 4277 cur
442 4218 517 4277 nihil
540 4229 653 4300 exoret,
677 4223 806 4296 genitor,
831 4220 934 4300 chelys
958 4231 1011 4280 aut
1034 4232 1086 4279 tua
1110 4239 1213 4280 manes

344 4362 364 4427 ¹)
384 4363 491 4425 quaest.
512 4357 582 4414 Stat.
602 4358 642 4413 IV
660 4376 686 4428 p.
706 4362 732 4416 5.

343 4429 366 4504 ⁹)
385 4429 542 4485 Gronovius
561 4430 643 4487 diatr.
662 4431 677 4484 Ι
694 4447 721 4500 p.
741 4431 801 4487 360.
1158 4501 1175 4555 5
1267 4467 1274 4480 χ
