3440 5096
825 459 1042 518 -30-

377 635 434 696 loci
452 635 620 712 corrumpit.
656 635 877 698 Existimabam
893 637 970 696 enim
988 643 1104 696 veteres
1122 638 1259 717 egregios
1282 635 1346 698 illos
1363 637 1492 698 colossos

375 726 535 786 maturiore
564 727 645 786 vitae
677 745 752 785 aevo
782 725 821 786 ab
849 725 1013 786 artificibus
1043 743 1105 785 esse
1134 729 1331 804 excogitatos:
1367 729 1493 808 primum

376 834 425 875 eos
449 813 555 876 lusisse
578 816 608 876 in
633 835 701 876 aare
726 815 845 875 minori:
871 814 906 879 cf.
931 816 945 875 Ι
970 818 999 889 3,
1025 819 1066 876 48
1091 834 1136 896 sq.
1184 821 1283 897 Atque
1310 837 1415 878 revera
1437 817 1493 878 sub

375 902 503 965 Phidiae
526 906 645 965 nomine
669 924 760 985 opera
784 905 997 965 minutissimae
1015 905 1087 963 artis
1110 905 1395 966 circumferebantur
1419 915 1494 967 teste

376 993 514 1055 Martiale
538 993 650 1076 Ivss,
672 999 698 1056 1.
746 995 846 1054 Iovem
871 1004 968 1054 autem
987 993 1158 1074 Olympium
1182 998 1369 1073 provectiore
1393 1005 1494 1057 aetate

376 1083 446 1144 lecit
461 1084 586 1147 artifex:
611 1085 648 1148 cf.
662 1083 830 1166 Overheck,
848 1082 1026 1144 Geschichte
1043 1082 1095 1142 der
1110 1083 1317 1160 griechischen
1333 1086 1450 1145 Plastik
1463 1081 1494 1145 1⁴

375 1193 403 1254 p.
431 1177 503 1236 344.
530 1209 572 1222 -
596 1171 643 1232 Ad
667 1182 758 1233 toturn
784 1173 878 1232 locum
904 1173 1036 1232 conferas
1060 1171 1103 1230 IV
1130 1175 1157 1242 6,
1177 1176 1217 1231 25
1242 1193 1286 1252 sq.
1312 1175 1410 1253 Apoll.
1433 1174 1494 1238 Sid.

375 1282 464 1326 carm.
490 1267 541 1338 23,
561 1265 622 1325 502
648 1281 692 1342 sq.

465 1356 514 1415 68.
538 1373 674 1436 αοναριιο
697 1352 735 1419 ob
750 1349 933 1418 Isthmiacis
949 1371 1030 1417 ααιο
1051 1349 1177 1434 potiore
1191 1350 1332 1435 favillis:
1354 1352 1492 1412 Isthmia·

375 1461 427 1502 cae
455 1440 575 1502 favillae
604 1448 740 1521 spectant
768 1439 805 1498 ad
829 1440 1004 1500 Corinthum
1037 1459 1055 1497 a
1080 1439 1221 1499 Mummio
1246 1437 1373 1500 deletam
1397 1451 1427 1500 et
1450 1444 1493 1502 in·

374 1550 501 1594 censam.
548 1531 625 1590 Nam
649 1529 826 1590 Isthmiacns
857 1527 935 1589 idern
963 1528 1111 1608 significat
1139 1538 1230 1610 atque
1253 1527 1424 1590 Corinthius
1457 1532 1493 1593 cf.

374 1619 405 1681 11
430 1625 458 1696 7,
484 1625 513 1684 2.
554 1619 677 1680 Isthmia
701 1619 796 1680 Dione
828 1629 871 1680 est
895 1619 1007 1700 Venus,
1039 1620 1087 1679 cui
1116 1619 1321 1679 Acrocorinthi
1349 1620 1492 1701 templum

374 1717 427 1773 est.
475 1709 565 1770 Certo
598 1711 709 1770 erravit
742 1709 881 1769 Barthius
905 1729 971 1769 cum
1004 1709 1091 1787 signa
1114 1707 1290 1786 intellegere
1319 1729 1397 1789 quae
1424 1718 1493 1790 post

374 1797 543 1860 incendium
572 1797 793 1880 superfuerunt.
841 1799 934 1860 immo
963 1818 1042 1879 quae
1070 1818 1086 1858 e
1114 1798 1225 1858 famoso
1254 1798 1306 1857 illo
1337 1819 1407 1858 acre
1437 1798 1492 1860 co·

373 1888 484 1948 rinthio
507 1887 586 1948 facta
603 1897 681 1973 sunt,
706 1888 787 1969 quod
811 1889 903 1966 pluris
920 1888 1135 1948 aestimabatur
1151 1907 1242 1968 quam
1257 1890 1356 1967 ipsum
1371 1908 1492 1950 aurum:

374 1975 444 2040 iude
467 1977 542 2038 illud
567 1997 650 2059 ‘auro
675 1979 810 2058 potiora’.
847 1980 883 2041 cf.
907 1979 997 2040 Pauo.
1026 1978 1057 2037 II
1083 1980 1111 2049 3,
1139 1981 1167 2040 3.
1203 1975 1385 2056 κεκόσμηται
1414 1978 1448 2038 dl
1475 1974 1493 2054 ἡ

374 2061 456 2146 πηγὴ
492 2063 568 2151 (scil,
607 2063 624 2145 η
657 2065 803 2148 Πειρήνη)
842 2071 922 2148 λίθῳ
957 2071 1059 2148 λευκῷ
1093 2069 1143 2126 καί
1180 2067 1372 2145 πεποιημένα
1414 2065 1495 2128 ἐστὶν

374 2153 524 2235 οίκὴματα
549 2161 707 2235 σπηλαίοις
730 2152 810 2218 κατὰ
841 2150 954 2229 ταύτά,
979 2155 1013 2232 ἐξ
1032 2147 1079 2216 ὧν
1114 2151 1151 2216 τὸ
1186 2150 1274 2234 ῧὸωρ
1309 2155 1339 2229 ἐς
1374 2153 1493 2234 κρήνην

374 2241 533 2324 ἵπαιθρον
556 2245 611 2324 ῥεῖ,
636 2259 716 2308 πιεῖν
745 2267 775 2307 τε
805 2242 862 2324 ἡθὺ
885 2247 935 2305 καί
964 2242 1019 2306 τὸν
1046 2248 1216 2322 Κορίνθιον
1239 2241 1359 2321 χαλκὸν
1383 2242 1492 2306 θιὰπυ-

375 2357 434 2414 ρον
457 2338 506 2396 καί
529 2331 650 2415 θερμὸν
674 2331 751 2397 ὄντα
779 2331 840 2396 ὑπὸ
869 2328 983 2407 ὕδατος
1007 2330 1124 2395 τούτου
1147 2332 1319 2408 βάπτεσθαι
1343 2335 1494 2414 λέγουσιν,

373 2424 436 2486 ἐκεί
459 2423 575 2501 χαλκός
598 2446 631 2502 γε
654 2421 712 2486 οὐκ
736 2423 799 2486 ἔστι
825 2427 1012 2502 Κορινθίοις.
1061 2424 1220 2482 Praeterea
1243 2423 1333 2484 adeas
1350 2426 1494 2505 imprimis

375 2515 450 2577 Plio.
475 2514 503 2578 h.
522 2536 551 2576 n.
568 2513 719 2590 XXXIV,
746 2521 762 2574 5
789 2523 817 2573 et
841 2514 979 2597 stoan,
1001 2517 1049 2585 16,
1075 2531 1149 2592 quos
1175 2514 1345 2572 exscribere
1369 2515 1493 2590 longum

375 2613 427 2665 est.
476 2607 633 2682 Augustus
645 2603 847 2684 Tiberiusque
873 2603 1045 2683 praecupidi
1059 2611 1144 2663 eraut
1168 2622 1306 2661 vasorum
1328 2602 1494 2662 Corinthio·

375 2712 453 2756 rum:
483 2693 565 2758 Suet.
589 2696 668 2772 Aug.
699 2698 748 2755 70.
772 2694 839 2753 Tib.
866 2695 916 2754 34.
943 2692 1055 2767 Quanti
1079 2691 1169 2751 fuerit
1193 2693 1379 2750 aestimatum
1404 2692 1494 2750 etium

375 2791 466 2844 testes
499 2791 581 2846 sunt:
617 2783 678 2845 Cic.
703 2803 757 2864 pro
790 2781 819 2845 S.
850 2783 936 2850 Rose.
972 2786 1043 2844 133.
1080 2779 1182 2861 parad.
1220 2784 1269 2844 13.
1301 2783 1352 2842 36.
1400 2780 1492 2858 Verg.

376 2871 486 2952 Georg.
512 2872 543 2934 11
574 2873 647 2936 494.
683 2872 739 2937 Ov.
764 2881 833 2935 met.
859 2872 903 2934 IV
928 2875 1001 2934 416.
1038 2872 1124 2932 Mart.
1153 2869 1201 2931 IX
1232 2873 1285 2951 59,
1319 2874 1355 2931 11
1390 2870 1429 2930 al.
1454 2870 1491 2928 cf.

375 2961 561 3044 Marquardt,
584 2967 604 3026 l.
627 2963 646 3027 l.
671 2984 700 3043 p.
727 2967 801 3026 668.

466 3053 516 3114 69.
557 3075 615 3120 oro
644 3052 762 3119 ιίιιοιιιιι
784 3073 822 3119 oc
851 3057 959 3119 cotom
982 3050 1222 3137 sapientumque
1249 3070 1307 3116 ora
1330 3050 1496 3134 priorum:

375 3139 456 3202 haud
487 3143 548 3202 scio
580 3163 619 3202 an
654 3145 763 3219 optime
795 3153 901 3221 poetae
932 3142 1023 3200 verba
1053 3141 1239 3202 illustrentur
1271 3139 1312 3199 eis
1347 3158 1425 3218 qnae
1457 3138 1493 3197 dc

376 3229 521 3291 Hadriani
545 3231 618 3292 villa
634 3232 795 3292 Tiburtina
818 3232 957 3311 exposuit
981 3231 1170 3290 Hermannus
1194 3223 1416 3312 Winnefeld¹);
1442 3229 1494 3307 qui

378 3341 404 3401 p.
424 3325 485 3382 143
503 3341 548 3402 sq.
573 3329 688 3382 statuas
712 3319 954 3402 philosophorum
979 3332 1128 3380 oratorum
1152 3328 1309 3400 poetarum
1325 3338 1425 3378 eorum
1444 3318 1494 3397 qni

376 3408 612 3471 administranda
639 3411 817 3491 republica
846 3409 962 3471 laudem
992 3411 1196 3490 quaesierunt,
1221 3417 1356 3490 repertas
1387 3409 1419 3466 in
1442 3408 1494 3466 illa

375 3499 449 3559 villa
472 3502 667 3561 enumeravit.

468 3593 519 3653 70.
548 3613 627 3675 quos
649 3597 711 3657 toto
730 3597 855 3676 pectore
877 3591 989 3657 sentis:
1014 3589 1100 3670 quasi
1123 3589 1280 3662 imbibisti3
1304 3587 1415 3647 sentire
1437 3585 1495 3644 hoc

376 3679 441 3741 loco
466 3681 528 3740 fere
552 3700 748 3761 synonymum
779 3691 824 3740 est
855 3679 946 3740 verbo
970 3678 1174 3756 intellegendi,
1207 3679 1245 3738 de
1272 3696 1332 3755 qua
1362 3676 1493 3758 notione,

377 3771 493 3830 etiamsi
517 3769 614 3830 locum
638 3789 760 3851 prorsus
783 3771 907 3830 similem
931 3789 991 3830 non
1013 3770 1125 3843 inveni,
1150 3788 1209 3828 non
1232 3774 1331 3847 potest
1353 3763 1493 3831 dubitari,

378 3900 419 3912 -
443 3857 555 3920 Similis
579 3861 678 3921 exitus
701 3879 805 3936 versus
830 3860 949 3920 obviam
974 3868 1018 3919 est
1041 3857 1097 3924 Ov.
1121 3867 1183 3919 met
1209 3857 1251 3931 X,
1276 3856 1354 3915 443:
1388 3855 1495 3915 infelix

377 3969 436 4010 non
461 3959 522 4009 toto
547 3965 666 4030 pectore
689 3952 780 4010 sentit
803 3949 946 4009 laetitiam
971 3949 1067 4024 virgo,

468 4041 518 4100 tr.
544 4060 834 4122 superacutarum
858 4045 951 4123 αίραο
975 4038 1122 4106 atriorum
1146 4039 1262 4104 αι’νίιιία
1285 4038 1392 4117 piciclo
1415 4058 1494 4103 com·

376 4129 500 4212 positus
523 4149 707 4214 sonipesque
734 4137 827 4196 ttttts:
861 4131 996 4189 insuavis
1020 4129 1102 4187 vocis
1129 4120 1217 4212 ‘cura‘
1251 4128 1387 4204 repetitio
1419 4126 1495 4185 adeo

469 4341 489 4409 ι)
510 4337 562 4398 Dis
586 4339 663 4396 Villa
687 4340 735 4396 des
758 4339 885 4395 Hadrian
909 4338 953 4394 bei
977 4337 1077 4394 Tituli.
1118 4335 1213 4392 Jahrb.
1238 4335 1351 4394 diruis.
1371 4333 1496 4392 (leutsch.

377 4411 449 4467 arch.
470 4411 539 4466 Inst.
561 4413 637 4468 lest.
657 4414 681 4467 3.
702 4411 956 4482 Ergsusuugshest.
