3440 5096
828 453 1047 512 -36..

383 631 414 702 2,
440 629 490 692 27.
516 628 553 690 cf.
578 629 655 694 Plin.
683 628 712 692 h.
736 651 766 691 n.
791 627 937 692 XXXVI
963 633 1016 693 63:
1052 631 1140 709 ,circe
1169 633 1289 712 Syenen
1315 652 1388 693 vero
1415 633 1493 693 Tbe-

382 716 487 778 baidos
509 721 638 798 syenites
662 738 751 799 quem
776 729 865 780 antea
893 719 1140 800 pyrrhopoecilon
1163 723 1334 787 vocabant’.
1381 721 1494 783 Solorie

380 808 473 886 igitur
496 819 540 868 est
564 809 661 870 rubri:
687 809 724 871 cf.
741 809 840 889 Apoll.
858 808 919 872 Sid.
938 829 1027 872 cerm.
1047 814 1095 886 11,
1116 813 1171 872 18:
1196 812 1363 893 Aethiopus
1376 832 1494 892 -pur·

376 915 488 974 perteus
516 899 556 960 ib.
584 903 635 978 22,
671 903 743 960 141.
768 899 842 960 Luc.
866 898 899 958 X
926 903 997 961 116.
1045 897 1129 972 Quod
1159 899 1272 962 Statius
1300 901 1494 982 respergendi

375 987 468 1048 verbo
497 987 535 1048 de
563 988 618 1048 hoo
642 986 742 1067 lepide
765 990 869 1062 utitur,
899 987 981 1048 haud
1004 990 1065 1048 scio
1095 1009 1133 1048 an
1157 988 1194 1048 ad
1218 991 1351 1052 macules
1375 993 1493 1072 aliquas

376 1079 414 1137 eit
437 1077 640 1140 referendum.
688 1078 822 1138 Mecules
845 1088 945 1138 autem
970 1080 1077 1138 scimus
1104 1079 1201 1138 inesse
1229 1081 1260 1138 in
1284 1084 1441 1160 Augusteo
1465 1090 1495 1142 et

376 1166 507 1228 Tibereo
532 1167 738 1242 marmoribus,
763 1166 844 1247 quod
866 1188 963 1245 genus
987 1167 1067 1227 haud
1092 1167 1242 1228 diversum
1266 1189 1330 1229 esse
1347 1192 1366 1229 a
1381 1171 1495 1251 syenite

378 1259 503 1316 coniecit
525 1254 736 1337 Merquardtus
759 1259 791 1337 (l.
816 1257 836 1320 l.
863 1279 890 1337 p.
916 1260 989 1318 603.
1015 1257 1082 1317 adn.
1112 1258 1175 1335 11).
1221 1257 1300 1318 Num
1330 1271 1410 1320 recte
1438 1259 1495 1319 boc

379 1347 525 1420 statuerit,
554 1345 677 1406 videant
704 1346 763 1410 elii.
822 1348 960 1427 Denique
989 1345 1068 1426 quod
1093 1344 1162 1408 an
1184 1345 1287 1426 Syene
1313 1350 1493 1427 appellatur,

372 1435 513 1497 conferas
541 1435 647 1497 velim:
672 1436 768 1499 Theb.
793 1434 839 1498 VI
858 1438 932 1498 704:
958 1438 1011 1514 ,sic
1033 1436 1085 1494 ubi
1108 1456 1140 1494 se
1163 1439 1280 1515 magnis
1296 1437 1406 1497 refluus
1424 1458 1494 1516 sup-

376 1526 484 1604 pressit
511 1525 542 1584 in
571 1527 664 1584 antris
690 1524 778 1584 Nilus
806 1533 836 1584 et
860 1525 940 1583 ane
972 1525 1118 1604 liquentia
1146 1524 1260 1603 pabule
1288 1526 1412 1588 brumae
1444 1547 1495 1586 ore

378 1615 485 1694 premit
511 1615 575 1674 etc.'
600 1615 676 1674 Vlll
695 1617 772 1676 359:
799 1615 907 1695 ,qualis
939 1613 991 1672 ubi
1015 1615 1112 1673 eversi
1137 1625 1267 1675 secretus
1290 1616 1403 1695 pabule
1419 1617 1494 1675 caeli
1521 1673 1526 1680 ,

377 1703 465 1764 Nilus
488 1712 519 1762 ct
541 1704 620 1764 lions
644 1724 754 1782 magno
782 1704 858 1762 bibit
881 1722 931 1762 ore
955 1699 1098 1782 pruinas’.
1145 1702 1256 1766 Fusius
1279 1704 1355 1765 illud
1378 1703 1493 1784 epithe-

378 1803 430 1853 ton
458 1795 607 1873 expressit
635 1794 736 1874 Apoll.
767 1791 827 1855 Sid.
857 1811 946 1853 carm.
976 1797 1007 1864 5,
1027 1794 1082 1855 34:
1108 1796 1268 1872 <euxa>
1295 1814 1382 1874 ,quae
1406 1813 1494 1854 caesa

377 1883 497 1944 rubenti
514 1883 695 1964 Aethiopum
720 1883 757 1942 de
780 1892 879 1943 monte
903 1881 1022 1965 cedunt,
1046 1882 1098 1943 ubi
1122 1882 1184 1944 sole
1205 1885 1375 1965 propinqua
1390 1885 1514 1957 nativa

378 1982 501 2034 exustas
524 1973 640 2033 afflavit
662 1992 797 2053 purpura
819 1973 931 2052 rupes’.

466 2066 517 2125 87.
555 2061 701 2144 Synnade
724 2061 806 2145 quod
837 2066 957 2124 moesto
981 2059 1137 2143 Pbrygiae
1164 2060 1271 2144 fodere
1293 2079 1418 2126 secures
1436 2079 1495 2141 μοι

382 2149 506 2232 Cybeles
529 2149 662 2233 lugentis
690 2169 799 2234 apros:
826 2172 954 2212 marmor
976 2151 1178 2231 Synnadioum
1201 2153 1386 2230 significatur
1415 2149 1495 2232 quod

377 2241 464 2302 hodie
489 2243 725 2322 ,pavonazzctto'
755 2242 934 2322 appellatur.
966 2243 1002 2304 cf.
1025 2242 1124 2305 Strab.
1148 2242 1222 2317 XII,
1248 2247 1278 2314 8,
1306 2247 1345 2304 14
1368 2263 1396 2322 p.
1423 2243 1495 2304 577.

377 2327 527 2392 Σύνναδα
551 2330 666 2392 δ’ἐστὶν
689 2325 729 2392 οὐ
756 2329 872 2408 μεγάλη
897 2328 996 2404 πόλις.
1021 2327 1181 2408 πρόκειται
1206 2327 1330 2409 δἀότῆς
1352 2329 1496 2406 ἐλαιόφυ-

379 2441 436 2481 τον
473 2422 582 2482 πεδίον
618 2411 693 2482 ὅσον
727 2418 878 2499 ἑξήκοντα
915 2422 1058 2482 σταδίων.
1084 2420 1222 2483 ἐπέκεινα
1253 2419 1345 2482 δ’ἐστὶ
1369 2422 1496 2493 Δοκιμία

379 2507 467 2589 κώμη
496 2513 546 2572 καὶ
574 2506 612 2572 τό
639 2509 792 2585 λατόμιον
816 2511 1015 2572 Συνναδικοῦ
1044 2513 1138 2572 λίθου
1163 2545 1204 2556 -
1228 2505 1314 2572 οὕτω
1342 2511 1399 2584 μὲν
1422 2504 1495 2569 ιΡω-

378 2613 465 2674 μαῖοι
495 2602 652 2682 καλοῦσιν,
692 2603 720 2661 οἱ
759 2598 947 2679 δ’ἐπιχώριοι
976 2603 1139 2678 Λοκιμίτηυ
1170 2603 1220 2660 καὶ
1257 2603 1423 2673 Λοκιμαῖον
1454 2637 1496 2650 --

379 2687 446 2751 κατ’
473 2686 570 2768 ἀρχὰς
591 2692 648 2765 μὲν
670 2687 802 2768 μικροὺς
824 2687 949 2766 βώλους
971 2686 1151 2763 ἐκδιδόντος
1174 2691 1233 2752 τοῦ
1255 2688 1422 2763 μετάλλου,
1448 2682 1497 2748 διὰ

380 2781 413 2841 δὲ
452 2775 509 2856 τὴν
544 2783 613 2841 νυνὶ
644 2780 848 2841 πολυτέλειαν
878 2780 944 2840 τῶν
975 2777 1139 2854 Ῥωμαίων
1170 2783 1269 2852 κίονες
1303 2777 1497 2856 ἐξαιρουνται

379 2866 545 2942 μονόλιθοι
568 2866 697 2947 μεγάλοι
720 2875 785 2931 κτλ.
832 2868 1020 2949 Synnadicus
1044 2869 1122 2950 lapis
1138 2873 1266 2930 maxime
1283 2868 1497 2929 aestimabatur

379 2959 448 3018 inde
473 2960 511 3018 ab
535 2961 668 3038 Augusti
691 2961 874 3040 temporibus
899 2995 937 3004 -
963 2958 994 3018 id
1018 2959 1099 3040 quod
1124 2961 1172 3022 vel
1196 2980 1234 3021 ex
1257 2958 1406 3019 Strabone
1429 2977 1497 3016 con·

380 3048 500 3110 cludere
527 3049 597 3110 licet
625 3085 668 3096 -
696 3052 781 3110 cuius
812 3052 855 3111 rei
883 3049 1069 3110 luculentum
1099 3051 1299 3110 testimonium
1330 3058 1385 3122 est,
1419 3045 1498 3128 quod

381 3139 495 3199 nullum
527 3141 682 3200 marmoris
713 3160 810 3217 genus
844 3141 964 3218 saepius
999 3149 1246 3201 commemoretur
1280 3137 1362 3220 apud
1393 3147 1497 3217 poetas

379 3229 504 3289 Latinos
537 3249 626 3309 quem
656 3228 871 3309 Synnadicum:
907 3229 943 3294 ol.
974 3230 1045 3293 Hor.
1075 3249 1164 3292 earm.
1189 3229 1236 3290 111
1262 3233 1290 3313 1,
1316 3233 1367 3291 41.
1402 3226 1499 3306 Lygd.

382 3322 411 3397 3,
439 3323 488 3380 13.
513 3319 569 3382 Ov.
594 3319 655 3381 her.
684 3324 734 3392 15,
762 3322 833 3380 142.
857 3319 926 3380 Seu.
944 3321 1029 3398 epist.
1056 3323 1108 3394 86,
1130 3323 1157 3380 [i.
1183 3318 1258 3382 Stat.
1276 3319 1343 3382 silv.
1368 3317 1431 3391 15,
1447 3319 1499 3378 38.

379 3409 449 3482 12,
477 3413 547 3471 148.
570 3409 615 3468 IV
640 3413 669 3482 2,
700 3413 752 3471 27.
780 3410 868 3471 Mart.
894 3409 938 3468 VI
962 3411 1084 3482 42,13.
1107 3409 1155 3468 IX
1179 3411 1228 3471 75.
1254 3413 1327 3470 Aue.
1352 3409 1427 3470 Mos.
1445 3409 1496 3468 48.

380 3497 485 3558 Claud.
517 3500 548 3558 in
579 3499 662 3562 Elutr.
696 3498 727 3559 ΙΙ
761 3501 834 3562 273.
869 3498 970 3580 Apoll.
1003 3497 1062 3561 Sid.
1094 3519 1182 3563 cerm.
1215 3501 1249 3580 5,
1275 3501 1327 3563 37.
1367 3501 1422 3569 11,
1451 3500 1499 3559 18.

382 3591 525 3662 22,138.
571 3587 684 3649 (inlotis
707 3608 773 3649 esse
795 3588 826 3648 id
849 3609 946 3667 genus
972 3587 1092 3649 candidi
1115 3587 1375 3669 exsequentibus
1399 3586 1500 3646 verbis

381 3679 570 3754 cognoscitur
593 3699 649 3738 nec
672 3698 732 3738 non
758 3679 881 3752 0115,
908 3683 960 3742 39.
1007 3678 1066 3738 Sed
1082 3679 1174 3740 habet
1197 3679 1292 3738 lineas
1315 3687 1346 3737 et
1367 3676 1500 3735 macules

381 3787 557 3847 purpureas,
586 3767 668 3828 unde
697 3767 884 3846 ,maculosue’
914 3779 1039 3828 vocatur
1070 3767 1150 3848 apud
1182 3766 1282 3848 Apoll.
1312 3765 1374 3830 Sid.
1409 3786 1498 3826 carm.

384 3859 436 3933 11,
462 3859 512 3920 18.
542 3892 582 3902 -
609 3856 737 3937 Cybeles
769 3869 869 3918 autem
900 3858 1032 3935 lugentis
1068 3860 1135 3936 agri
1171 3867 1308 3938 spectant
1338 3855 1376 3916 ad
1408 3865 1500 3917 totam

381 3947 554 4025 Phrygiam.
601 3947 702 4024 Luget
731 3947 787 4008 dea
810 3951 948 4008 nimirum
972 3947 1009 4008 de
1033 3947 1145 4007 Attidis
1169 3957 1276 4024 morte,
1312 3945 1382 4006 inde
1410 3947 1500 4006 etiem

382 4037 500 4116 Synnas
531 4047 645 4098 maeste
677 4037 798 4101 dicitur:
833 4049 904 4118 epte
935 4038 1059 4098 contulit
1087 4039 1277 4099 Burmannus
1308 4036 1350 4096 IV
1381 4040 1414 4115 3,
1448 4037 1498 4099 37.

384 4125 468 4192 Item¹
496 4146 563 4187 cum
585 4126 689 4188 Attide
719 4129 911 4204 coniungitur
933 4128 985 4188 ille
1014 4127 1091 4207 lapis
1115 4127 1130 4186 I
1155 4133 1184 4202 5,
1210 4131 1261 4201 38,
1291 4124 1327 4188 de
1354 4146 1414 4206 quo
1437 4125 1501 4186 loco

381 4217 474 4276 verbe
501 4237 561 4277 non
589 4218 717 4278 facerem
747 4220 805 4278 nisi
828 4219 971 4278 Miillerus
998 4215 1031 4301 (1.
1057 4217 1076 4279 l.
1102 4237 1132 4297 p.
1157 4221 1213 4296 28)
1237 4219 1409 4297 nuperrime
1432 4235 1501 4296 per·

381 4327 484 4388 peram
514 4307 657 4368 librorum
691 4308 848 4374 lectionem
884 4305 1073 4382 defendisset.
1131 4305 1219 4382 Quod
1251 4313 1326 4368 enim
1357 4306 1372 4367 I
1397 4307 1433 4382 3,
1460 4307 1500 4365 36

383 4395 478 4473 effert,
510 4397 599 4474 plane
629 4398 703 4458 nibil
734 4399 807 4460 facit
837 4395 877 4458 ad
906 4417 982 4461 rem:
1014 4397 1052 4458 de
1083 4396 1253 4480 Synnadico
1284 4415 1429 4460 marmore
1458 4395 1502 4456 ibi
