3440 5096
770 429 988 488 ·..7g...

316 608 396 668 ubsit
419 606 568 667 alitteris
592 603 719 667 truditis.
766 605 853 680 Quae
876 624 943 667 cnm
967 608 1010 666 itu
1032 607 1103 682 sint,
1128 605 1254 669 feliciter
1276 605 1384 668 eccidit
1405 616 1440 670 nt

315 717 352 758 ex
379 695 494 757 Isidoro
527 694 616 778 (orig.
646 695 725 754 XIX
761 696 854 777 1,19)
886 697 1016 756 sciemus
1047 716 1107 776 quo
1140 699 1259 758 nomine
1291 719 1310 757 s
1341 700 1439 759 nentis

315 787 385 846 illue
401 784 438 847 de
453 786 564 867 quibus
579 785 610 850 b.
626 785 645 848 l.
663 786 948 864 egiturmeviculue,
973 787 1032 846 sint
1047 787 1226 865 appellatae.
1263 787 1344 848 Dicit
1360 789 1437 848 euim
1512 807 1514 811 ’

317 876 405 936 haec:
430 876 526 944 barca
549 881 593 942 est
617 897 698 958 quae
722 881 837 943 cuneta
860 877 955 944 eume
970 877 1157 943 commercia
1172 878 1214 945 ad
1231 876 1309 944 litus
1320 883 1438 962 portat.

317 967 399 1044 Ergo
424 967 513 1026 etiem
538 966 754 1026 commercius
778 965 865 1026 litere
892 965 930 1025 ud
954 985 1060 1028 navem
1084 975 1191 1046 portet.
1238 965 1339 1043 Quare
1362 987 1438 1027 com·

315 1066 411 1116 motus
438 1075 496 1132 ego
511 1066 647 1135 propono
663 1063 698 1114 ut
714 1053 873 1117 scribatur:
892 1075 995 1116 versus
1010 1057 1068 1116 sic:
1085 1056 1152 1122 sint
1167 1057 1283 1138 quibus
1299 1057 1440 1141 exploret

310 1146 437 1230 primae
454 1146 565 1231 pravis
581 1150 700 1212 artemo
724 1144 842 1212 barcas.
883 1144 1068 1206 Sententiam
1084 1155 1183 1206 sutem
1208 1155 1288 1206 recte
1309 1145 1438 1206 Vollme-

314 1254 380 1294 rum
404 1236 631 1314 interpretatum
656 1253 721 1293 esse
744 1253 860 1296 censeo.
908 1234 1016 1314 Neque
1045 1236 1105 1295 vile
1132 1233 1221 1293 huius
1252 1236 1439 1296 coniecturae

316 1322 529 1384 adminiculum
557 1332 603 1382 est
630 1321 711 1401 quod
739 1323 843 1384 ecdem
872 1343 945 1384 voce
973 1327 1081 1384 nostris
1109 1342 1230 1405 quoque
1252 1324 1438 1405 temporibus

314 1414 357 1474 illi
380 1413 483 1473 lintres
506 1421 663 1476 vocentur.

404 1519 520 1580 Deinde
544 1520 570 1580 V
598 1525 624 1592 l,
642 1522 700 1580 101
726 1519 802 1578 lenis
818 1516 939 1579 remedii
963 1519 1035 1578 mihi
1058 1518 1178 1580 videtur
1198 1517 1342 1598 indigere.
1359 1522 1437 1580 Exs-

314 1619 410 1669 retum
435 1611 512 1670 enim
537 1617 582 1668 est
604 1609 635 1666 in
658 1607 755 1670 libris:

422 1761 591 1833 cuncteque
612 1752 638 1811 si
661 1771 823 1825 numerem,
847 1771 907 1812 non
930 1752 1018 1832 plura
1039 1753 1206 1832 interprete
1228 1753 1316 1830 virge

419 1843 540 1902 nuntiet
568 1881 601 1890 -
629 1841 692 1901 eles
714 1841 895 1918 Tegeaticus
919 1855 975 1906 etc.

316 1985 368 2045 ubi
394 1981 584 2068 ‘enumerem’
610 1995 733 2065 speetu
749 2003 816 2044 esse
830 1984 993 2060 profectum
1018 1985 1048 2042 in
1065 1984 1225 2064 propatulo
1241 1991 1295 2047 est.
1330 1983 1438 2064 Neque

314 2076 391 2135 euim
416 2075 532 2154 siquis
556 2073 800 2154 quidnnmsrst‚
825 2072 882 2134 hoc
905 2075 1034 2134 nuntiet.
1070 2075 1107 2133 In
1131 2073 1254 2135 elisione
1276 2081 1376 2134 sutem
1398 2093 1438 2134 ue
1515 2107 1519 2115 ·

314 2164 448 2244 haerens,
475 2164 511 2226 cf.
535 2163 732 2225 Lundstreem
755 2163 776 2227 l.
800 2163 821 2226 l.
846 2185 875 2244 p.
903 2165 951 2227 74.

404 2290 496 2348 Perre
521 2289 558 2349 ds
581 2309 722 2350 versuum
746 2290 821 2362 V3‚
839 2294 879 2350 41
895 2309 939 2369 sq.
964 2288 1065 2350 indole
1088 2290 1119 2348 in
1143 2289 1314 2349 universum
1340 2287 1438 2348 dicere

315 2398 395 2438 nuuc
425 2377 619 2458 supersedeo;
657 2379 793 2437 conferes
822 2398 901 2458 quse
931 2376 969 2437 de
997 2379 1053 2438 hoc
1081 2367 1146 2438 loco
1178 2380 1350 2457 nuperrime
1380 2379 1438 2438 dis·

317 2487 437 2528 seruere
463 2467 530 2527 Leu
555 2467 587 2550 (l.
613 2469 630 2531 l.
660 2488 690 2546 p.
719 2468 772 2545 13)
804 2479 834 2526 et
863 2466 1029 2528 Vollmerus
1056 2468 1087 2546 (l.
1112 2467 1132 2530 l.
1157 2489 1187 2547 p.
1212 2469 1278 2547 41),
1312 2487 1438 2547 quorum

316 2559 549 2617 controversiam
574 2554 741 2636 disceptare
764 2573 843 2616 nunc
866 2554 987 2636 quidem
1003 2576 1063 2616 non
1086 2555 1167 2620 libet.
1204 2557 1334 2617 Parvum
1350 2555 1436 2637 quid·

318 2647 399 2726 piem
423 2667 505 2707 sumo
522 2645 602 2727 qued
626 2643 845 2722 mihincudnm
870 2644 913 2705 illi
930 2643 1070 2706 videntur
1093 2644 1132 2714 ab
1157 2648 1236 2706 omni
1252 2658 1337 2726 perte
1362 2646 1438 2706 bene

317 2735 580 2798 administravissc.
627 2735 724 2796 Versu
752 2737 830 2795 enim
861 2739 901 2796 45
934 2757 1031 2822 ‘sume
1050 2730 1208 2822 yemiius',
1238 2755 1305 2795 cum
1333 2744 1437 2814 aperte

318 2826 357 2884 sit
380 2836 551 2905 corruptum
575 2834 712 2905 metrum,
736 2826 828 2884 variis
851 2827 1018 2886 rationibus
1041 2827 1097 2885 viri
1122 2825 1199 2885 docti
1222 2825 1362 2884 lecunsm
1385 2844 1436 2884 ex·

315 2915 482 2995 pleverunt.
536 2915 629 2998 Recte
659 2915 721 2975 Leo
754 2918 773 2977 l.
797 2915 816 2978 l.
853 2938 950 3001 (sume
979 2916 1036 2982 hos
1066 2911 1208 3001 qemiltss'
1241 2915 1341 2974 verius
1372 2933 1436 2973 esse

316 3003 388 3064 dicit
418 3024 508 3084 quam
541 3026 639 3083 sume
662 3010 700 3077 et,
732 3025 820 3070 sume
849 3028 878 3078 0,
909 3027 1028 3079 sumas,
1059 3006 1172 3071 sumes’
1199 3039 1239 3051 -
1269 3003 1349 3084 quod
1377 3023 1438 3062 non

316 3115 334 3152 s
351 3093 520 3154 Sudhausio
545 3096 640 3173 primo
657 3095 811 3153 inventum
829 3104 873 3153 cst
889 3129 940 3158 -.
958 3095 1066 3154 Sensui
1089 3093 1209 3173 quidem
1224 3095 1313 3154 unice
1328 3093 1438 3154 sufficit

316 3182 403 3264 illud,
427 3182 508 3263 quod
524 3182 721 3244 Marklandus
744 3186 908 3266 proposuit,
933 3184 1056 3263 Lecque
1079 3184 1227 3262 probavit.
1274 3181 1333 3243 Sed
1357 3180 1437 3242 heud

197 3327 202 3337 .
317 3274 379 3333 scio
396 3293 432 3332 en
457 3274 554 3333 leuius
577 3273 647 3332 huic
664 3273 727 3332 loce
743 3272 855 3333 mederi
876 3275 1031 3352 possimus.
1071 3271 1205 3332 Eundem
1222 3274 1300 3333 enim
1317 3292 1437 3331 sensum

317 3363 503 3441 assequimur
530 3363 555 3421 si
586 3384 683 3447 ‘sume
711 3357 777 3429 enl'
816 3361 979 3424 scribimus.
1027 3363 1063 3421 In
1091 3361 1252 3441 archetypo
1281 3372 1437 3422 excretum

316 3452 386 3514 fuit:
418 3471 502 3512 sume
530 3461 559 3514 e:
591 3471 643 3531 pro
676 3450 788 3532 duplici
820 3450 920 3512 littere
955 3445 988 3537 ⁴e’
1019 3470 1080 3510 unu
1111 3451 1274 3511 substitute
1305 3460 1359 3524 est,
1385 3451 1437 3530 qui

317 3561 400 3601 error
423 3542 542 3622 saepius
565 3542 596 3600 iu
620 3541 704 3601 silvis
728 3543 864 3603 occurrit.
888 3541 925 3602 ci.
951 3561 975 3602 s.
1001 3561 1031 3619 g.
1056 3540 1220 3614 1111.30,
1245 3541 1310 3602 ubi:
1334 3541 1438 3600 uenies

317 3639 416 3691 exstet
448 3632 478 3690 in
510 3629 669 3709 codicibus,
702 3631 729 3691 h.
762 3651 788 3694 e.
819 3649 920 3690 nemes
951 3649 1004 3710 pro
1037 3624 1194 3713 ‘Nemeesss
1226 3631 1275 3690 vel
1302 3629 1342 3692 ib.
1375 3632 1436 3690 128

316 3719 413 3799 (lepre
441 3740 496 3799 pro
519 3720 635 3800 (lepree
664 3748 706 3770 =
735 3719 870 3799 Capreae
893 3721 942 3780 vel
975 3724 1026 3794 15,
1044 3724 1073 3781 4.
1101 3730 1213 3803 ‘tegees
1236 3713 1356 3779 benore'
1381 3738 1436 3798 pro

316 3810 439 3892 Tegepe
470 3829 577 3894 sonorp
601 3811 674 3888 Vi,
693 3811 748 3872 48:
780 3809 895 3870 Nemea
925 3829 978 3888 pro
1009 3808 1162 3895 ‘Nemcen
1214 3807 1288 3868 inde
1318 3809 1342 3866 si
1371 3809 1438 3888 quis

318 3899 392 3972 V3,
413 3899 473 3962 127
499 3919 538 3958 ex
563 3892 647 3984 ‘Sele‘
675 3899 766 3977 ‘Elec’
792 3900 899 3958 elicere
924 3899 996 3957 velit
1020 3898 1100 3958 baud
1124 3900 1309 3978 vitupsrubo.

409 4024 703 4104 Disputatiunculsm
731 4025 863 4084 criticam
894 4024 994 4084 finium
1025 4023 1090 4084 loco
1123 4023 1254 4108 epicedit'
1285 4022 1364 4104 quod
1393 4033 1439 4084 est

316 4113 355 4180 in
378 4135 520 4198 puerum
548 4113 649 4193 (V5),
679 4112 716 4174 de
744 4134 803 4194 quo
831 4134 892 4174 non
917 4114 955 4173 eb
979 4115 1058 4173 omni
1081 4125 1167 4193 parte
1189 4111 1437 4173 Lundstroemius

319 4203 354 4281 (l.
379 4205 397 4266 l.
421 4223 450 4285 p.
475 4199 531 4288 52)
556 4222 618 4263 rem
641 4203 804 4264 absolvisse
827 4204 901 4264 mibi
924 4201 1052 4266 videtur.
1092 4203 1166 4262 Dico
1189 4223 1219 4266 v.
1245 4207 1296 4267 46.
1319 4203 1436 4264 Textus
1489 4197 1492 4208 ’

320 4302 389 4372 post
421 4293 503 4354 hune
536 4312 656 4354 versum
691 4293 872 4355 Baehreusic
907 4292 1067 4354 videbatur
1105 4291 1207 4376 bisse,
1246 4311 1337 4373 quem
1370 4313 1436 4354 sen·

317 4383 442 4448 tentiam
470 4383 610 4468 probavit
639 4384 700 4446 Leo
729 4383 760 4468 (l.
783 4384 804 4450 l.
829 4405 859 4467 p.
888 4381 953 4472 le).
1000 4384 1127 4448 Sensum
1138 4391 1249 4456 ‚sutem
1273 4403 1333 4446 non
1354 4383 1438 4446 hiare
