3440 5096
674 463 894 522 „27-

228 643 322 703 Statio
352 661 439 702 suum
470 639 651 704 vindicavit:
695 639 788 700 fallax
816 649 972 716 responsat
998 641 1098 720 imago
1129 639 1285 702 frondibus
1315 649 1345 702 et

228 732 333 810 longas
358 729 462 791 eadem
486 732 565 810 tngit
587 730 693 792 umbra
721 749 774 806 per
795 725 912 792 undas)
946 731 1013 806 Quo
1035 731 1100 790 loco
1124 731 1276 791 umbra
1253 733 1345 810 signi·

228 822 294 885 ficat
323 821 475 882 arboris
467 821 628 898 imaginem
656 839 735 900 aqua
762 829 920 900 receptam.
967 818 1079 880 Eadem
1108 821 1189 881 notio
1221 821 1345 882 subesse

229 920 323 992 potest
351 910 446 973 Theb.
474 911 505 970 11
536 916 576 971 41
606 931 650 990 sq.
696 913 796 989 Atque
830 912 874 969 sic
908 921 1041 970 nostrum
1071 911 1169 970 locum
1196 910 1345 970 intellexit

233 1001 380 1061 Ausonius
395 999 476 1059 hand
492 999 677 1080 spernendus
692 999 781 1060 Statii
795 1000 952 1079 interpres.
982 1002 1034 1079 qui
1056 1001 1088 1059 in
1111 1001 1184 1062 Mos.
1211 1004 1272 1062 189
1297 1021 1343 1080 sq.

234 1101 260 1150 ιι
284 1091 298 1150 Ι
329 1095 359 1164 3,
378 1093 417 1151 18
446 1109 490 1169 sq.
515 1099 546 1148 et
568 1090 599 1149 11
624 1092 653 1162 2,
667 1094 709 1151 48
733 1109 778 1168 sq.
802 1090 960 1168 expressit:
996 1089 1057 1175 (illa
1087 1087 1213 1149 fruenda
1243 1089 1343 1168 palam

236 1181 340 1259 species
356 1199 425 1239 cum
440 1179 568 1258 glaucus
580 1199 673 1259 opaco
689 1177 850 1258 respondet
865 1178 933 1239 colli
948 1175 1000 1262 (of.
1017 1181 1123 1240 montis
1137 1180 1224 1258 opaci
1240 1199 1269 1243 v.
1287 1181 1342 1254 48)

237 1270 346 1343 flnvins,
376 1267 516 1329 frondere
543 1267 683 1328 videntur
710 1268 841 1328 fluminei
871 1269 976 1328 latices
1004 1278 1035 1328 et
1061 1269 1183 1349 palmite
1213 1269 1345 1328 consitus

236 1361 327 1422 amnis.
352 1359 420 1438 quis
440 1359 522 1418 color
537 1359 588 1418 ille
604 1357 700 1432 vadis,
723 1377 805 1418 seras
821 1379 888 1418 cum
904 1358 1039 1438 propulit
1053 1358 1174 1419 umbras
1190 1357 1343 1436 Hesperus

235 1461 258 1508 et
274 1447 366 1508 viridi
382 1447 534 1528 perfundit
549 1457 649 1508 monte
664 1445 838 1508 Mosellam?
874 1447 956 1508 ldem
976 1449 1070 1525 igitur
1091 1449 1179 1508 etiam
1202 1448 1234 1507 ll
1257 1453 1287 1530 2,
1302 1450 1342 1507 49

232 1537 344 1598 videtur
359 1538 529 1616 significare
545 1558 605 1598 vox
622 1537 758 1616 ‘umbra'
793 1537 898 1614 Imago
915 1546 1015 1598 autem
1039 1538 1091 1597 illa
1114 1537 1171 1597 sub
1188 1557 1344 1616 vesperum

229 1628 414 1707 potissimum
437 1637 482 1687 est
498 1626 637 1688 dilucida.
674 1629 775 1706 Atque
796 1628 822 1686 si
846 1628 912 1706 qnia
927 1627 1062 1686 umbram
1080 1627 1199 1705 vulgari
1223 1628 1344 1686 notione

227 1719 362 1797 accipere
389 1717 466 1789 vult,
494 1715 569 1776 duas
596 1737 642 1776 res
670 1736 791 1776 moneo:
820 1726 851 1775 et
873 1736 994 1796 prorsus
1019 1718 1046 1776 ei
1071 1735 1135 1776 esse
1158 1715 1344 1776 abiciendam

226 1807 360 1868 Belochii
384 1806 452 1890 (ll.
470 1827 499 1885 p.
516 1811 576 1868 271
597 1827 658 1885 eq.;
682 1806 719 1868 cf.
737 1805 798 1866 tab.
816 1805 875 1885 IX)
901 1805 939 1866 de
962 1807 1020 1865 situ
1037 1806 1127 1865 villae
1144 1807 1345 1865 coniecturam

226 1931 265 1942 -
295 1916 368 1956 nam
396 1897 421 1956 ιι
448 1896 530 1955 illam
559 1895 806 1972 significationem
829 1896 861 1954 in
885 1915 957 1954 voce
981 1895 1087 1954 umbra
1109 1897 1206 1955 inesse
1229 1896 1343 1966 statuit,

224 1987 373 2046 matutina
401 1984 507 2044 umbra
535 1985 626 2046 villae
652 1986 683 2043 in
712 2003 843 2064 aequora
871 1982 950 2043 cadit
978 2019 1019 2030 -
1049 1995 1079 2044 et
1106 1984 1162 2044 sub
1189 2003 1345 2063 vesperem

223 2073 385 2136 admodum
414 2082 534 2135 tenuem
562 2093 627 2134 esse
654 2074 791 2134 umbram
819 2083 911 2154 atque
939 2075 1100 2151 imaginem
1130 2073 1268 2153 praeberi
1293 2076 1344 2132 mi·

222 2168 303 2225 nime
339 2165 459 2227 claram.
504 2165 550 2224 De
585 2184 658 2224 voce
692 2165 872 2242 praetorium
907 2165 943 2224 cf.
981 2166 1032 2226 82.
1065 2164 1079 2222 l
1112 2167 1141 2243 3,
1157 2167 1208 2224 25.
1255 2163 1343 2224 Mart.

222 2257 250 2314 X
277 2257 376 2327 79‚1.
405 2255 478 2315 Juv.
509 2256 602 2327 1,,75.
630 2252 712 2316 Suet.
737 2255 817 2332 Aug.
844 2255 893 2326 72,
918 2253 987 2314 Tib.
1018 2257 1069 2314 39.
1103 2252 1198 2329 Galig.
1231 2255 1282 2313 37.
1315 2262 1345 2312 et

221 2345 400 2405 Mommseni
432 2341 716 2422 disputatiunculam
746 2343 878 2404 Hermae
898 2343 966 2404 ¹vol.
997 2344 1041 2404 IV
1074 2340 1190 2427 (1870)
1221 2364 1249 2422 p.
1282 2345 1343 2403 105

219 2433 289 2496 adn.
319 2435 348 2496 6.
370 2435 520 2494 insertam.

316 2524 367 2585 50.
399 2523 476 2590 hoec
500 2524 607 2608 pelopi
638 2523 773 2590 elamore
802 2525 962 2607 fremant,
992 2524 1069 2590 hoec
1098 2529 1179 2589 tecta
1212 2541 1345 2587 sonoros
1429 2585 1431 2592 .

219 2615 382 2698 limiam
406 2612 535 2696 fluctos
564 2620 729 2696 terraeque
759 2614 891 2680 silentio
921 2613 1066 2680 molunt:
1096 2614 1175 2671 aliae
1202 2630 1240 2670 ex
1264 2610 1344 2670 villis

218 2704 256 2764 ad
287 2723 370 2764 mare
392 2704 589 2782 prospiciunt,
614 2702 691 2762 aliae
714 2704 811 2782 magis
835 2722 983 2762 recessere
998 2702 1037 2761 ab
1054 2722 1114 2764 ora.
1139 2703 1229 2761 Errat
1243 2710 1344 2759 autem

219 2788 451 2871 Schaeterus1),
482 2812 548 2851 oum
572 2792 625 2850 illa
648 2801 726 2852 tecta
749 2791 788 2851 ad
804 2792 937 2851 diversas
961 2802 1061 2872 partes
1085 2790 1217 2852 eiusdem
1241 2788 1345 2849 domus

218 2882 328 2944 refert.
383 2881 524 2941 Diversae
555 2882 633 2941 euim
663 2882 695 2940 in
724 2901 786 2940 una
815 2881 868 2940 illa
891 2881 965 2940 villa
988 2883 1137 2941 exstitisse
1161 2880 1264 2940 domus
1288 2877 1344 2938 dis-

219 2975 319 3032 cimus
350 2990 387 3030 ex
418 2970 465 3030 III
497 2976 524 3045 1,
565 2974 621 3032 93:
654 2981 755 3030 nostro
787 2973 840 3050 qui
870 2981 914 3030 ιοι
944 2971 1065 3049 fastigia
1095 2972 1189 3030 monti
1220 2979 1276 3036 etc,
1301 3004 1344 3014 --

221 3062 325 3122 sonori
345 3060 452 3120 fluetus
477 3059 616 3120 dicuntur
637 3072 671 3120 ut
691 3060 790 3120 Theb.
813 3061 859 3120 III
876 3062 949 3123 258.
975 3060 1066 3138 Verg.
1085 3062 1160 3121 Aen.
1176 3059 1250 3133 XII,
1270 3062 1342 3122 159.

317 3151 367 3211 52
392 3147 441 3216 his
474 3152 556 3235 fovit
586 3156 708 3218 natura
740 3151 831 3234 locis,
855 3151 914 3216 hic
930 3152 1011 3217 victa
980 3149 1159 3217 ttcolcrsi
1133 3150 1289 3217 tcessit:
1313 3149 1344 3222 ιιι

222 3241 397 3301 Matriteusi
421 3247 521 3299 utrum
545 3248 614 3300 ante
638 3241 717 3298 victa
751 3235 805 3300 his'
838 3259 877 3299 an
902 3237 968 3322 hic
993 3241 1035 3298 sic
1059 3248 1212 3298 exaratum
1238 3236 1344 3298 diiudi-

223 3330 290 3390 cari
313 3330 432 3408 nequit:
456 3339 585 3430 utraque
608 3331 700 3406 igitur
723 3303 812 3390 ldctio
837 3339 881 3389 est
905 3327 1113 3391 examinanda.
1152 3330 1286 3409 Atque
1287 3323 1342 3387 his'

223 3419 322 3482 editor
346 3419 481 3479 Venetus
512 3421 555 3478 sic
577 3421 790 3498 interpretatus
819 3429 877 3479 ιιι;
922 3419 988 3477 aliis
1012 3419 1084 3478 locis
1107 3430 1215 3477 natura
1238 3427 1344 3520 sponte

221 3511 324 3570 locum
347 3506 531 3569 commodum
562 3508 717 3588 praebuit,
745 3511 776 3568 in
807 3509 874 3568 aliis
905 3481 970 3567 ιιιι
992 3507 1103 3567 domita
1127 3501 1188 3566 ιιι,’
1236 3504 1295 3565 Sed
1319 3507 1344 3565 si

223 3601 306 3660 hanc
335 3598 490 3658 lectionem
520 3598 694 3677 probamus,
727 3597 838 3677 duplici
869 3618 959 3658 sensu
988 3596 1195 3700 accipiepdnm
1218 3605 1264 3655 est
1298 3596 1344 3655 his

224 3682 330 3749 locis'
323 3731 330 3746 .
350 3690 437 3767 *prior
461 3689 540 3746 enim
565 3689 711 3746 enuntiati
727 3708 797 3768 pars
814 3689 909 3764 exigit
933 3686 1110 3760 dativum,
1101 3707 1133 3746 ιιι
1149 3686 1244 3745 altera
1268 3693 1345 3745 ιιιιι

228 3778 390 3838 ablativus.
427 3777 524 3852 Quam
543 3777 581 3836 ob
597 3797 658 3836 rem
675 3795 744 3840 cum
761 3779 842 3857 optio
859 3779 897 3835 sit
913 3777 983 3836 data
1006 3778 1082 3836 inter
1105 3774 1180 3835 duas
1204 3776 1345 3834 lectiones

226 3868 306 3941 illas,
338 3865 477 3948 equidem
508 3867 645 3946 praefero
680 3862 757 3952 thic‘.
809 3867 876 3942 Quo
907 3877 1026 3946 recepto
1058 3868 1155 3941 magis
1186 3865 1345 3944 perspicua

226 3958 261 4016 fit
284 3958 386 4018 oratio.

305 4041 371 4132 253.
396 4048 520 4132 iqnotos
543 4046 654 4112 docile
677 4048 858 4113 ozaaeaeoit
887 4047 926 4113 ira
949 4067 1046 4112 traco:
1077 4044 1180 4104 eadem
1204 4046 1303 4122 imago
1327 4063 1345 4100 a

230 4138 357 4198 iuvenco
381 4136 430 4195 vel
455 4155 532 4215 equo
556 4137 650 4214 petita
675 4136 765 4215 paulo
789 4136 866 4194 infra
890 4133 966 4194 redit
989 4157 1017 4197 v.
1045 4139 1095 4196 58.

230 4281 440 4288 ———---—

321 4347 342 4417 ¹)
361 4346 568 4402 observationes
596 4345 710 4401 criticae
736 4346 766 4401 iu
789 4346 826 4401 Μ.
850 4345 958 4400 Annaei
984 4345 1090 4401 Lucani
1117 4342 1289 4400 Pharsaliam
1317 4346 1346 4400 et

205 4499 209 4508 ι
232 4417 266 4475 P.
283 4417 393 4490 Papinii
412 4417 496 4473 Statii
515 4418 609 4477 silvas.
629 4417 693 4474 diss.
712 4417 831 4476 Mousst.
851 4418 921 4474 1886
937 4434 964 4489 p.
983 4418 1025 4472 31.
