3440 5096
776 444 994 504 ..12-

488 643 619 704 aeraque
642 623 681 682 ab
705 622 870 684 Isthmiacis
895 641 967 681 auro
990 622 1108 702 potiora
1131 620 1252 702 favillis,

488 732 540 772 ora
564 712 671 774 ducum
695 733 730 772 ac
754 720 856 774 vatum
879 713 1108 792 sapientumque
1131 730 1183 771 ora
1205 712 1348 792 priorum,

420 802 469 863 70.
488 821 562 881 quos
586 801 641 862 tibi
665 821 737 864 cura
761 804 857 882 sequi,
882 821 958 882 quos
982 809 1044 860 toto
1068 807 1187 880 pectore
1210 801 1313 874 sentis,

487 912 595 972 expers
619 912 757 952 curarum
781 902 875 972 atque
897 892 1027 950 animum
1052 891 1163 950 virtute
1186 891 1288 970 quieta

487 987 664 1061 compositus
686 1001 863 1062 semperque
887 988 965 1042 tuus.
989 976 1061 1060 qiaid
1084 979 1166 1038 mille
1188 979 1340 1039 revolvem

488 1071 619 1138 culmina
641 1070 818 1150 visendique
842 1065 943 1132 vices?
966 1088 1020 1129 sua
1043 1070 1153 1148 cuique
1176 1069 1324 1148 voluptas.

488 1170 579 1239 atque
603 1161 682 1220 omni
705 1161 858 1241 proprium
882 1158 1013 1218 thalamo
1036 1177 1116 1218 mare
1137 1166 1278 1237 transque
1298 1159 1441 1217 iacentem

420 1249 468 1310 75.
487 1249 588 1308 Nerea
611 1247 735 1308 diversis
760 1250 852 1309 servit
875 1268 929 1310 sua
952 1258 1032 1308 terra
1054 1247 1205 1309 fenestris:
1391 1253 1393 1258 '

486 1337 562 1398 baec
586 1337 667 1398 videt
690 1339 849 1408 Inarimen,
875 1338 956 1397 illinc
979 1335 1128 1414 Prochyta
1151 1355 1258 1416 aspera
1281 1344 1377 1413 paret,

487 1429 617 1505 armiger
641 1428 697 1487 bec
720 1430 822 1504 magni
846 1436 930 1506 petet
952 1426 1099 1497 Hectoris,
1124 1423 1194 1485 indo
1218 1424 1381 1502 malignum

487 1525 556 1576 aare
580 1520 707 1596 respirat
729 1518 838 1595 pelago
862 1515 1034 1576 circumflua
1057 1515 1161 1594 Nesis3

487 1605 557 1666 inde
580 1608 666 1682 vagis
691 1615 777 1666 onien
800 1606 874 1665 felix
897 1606 1035 1684 Euploea
1058 1604 1166 1663 carinis

419 1698 469 1755 80.
488 1715 626 1776 quaeque
651 1697 720 1755 terit
744 1715 849 1755 curvos
873 1706 990 1754 exserta
1013 1693 1145 1771 Megalia
1167 1693 1285 1753 fluctus.

486 1786 607 1862 angitur
631 1795 662 1844 et
685 1784 801 1844 domino
826 1795 928 1844 contra
951 1782 1115 1844 recubante
1138 1782 1305 1862 proculque

487 1875 662 1934 Surrentina
685 1884 754 1934 tuus
778 1884 893 1954 spectat
916 1875 1065 1952 praetoria
1089 1872 1205 1932 Limon⁴

384 2012 397 2038 0
486 1984 547 2022 una
570 1974 671 2023 tamen
694 1966 808 2024 cunctis
831 1966 935 2043 procul
958 1963 1076 2035 eminet,
1102 1982 1162 2020 nna
1186 1959 1293 2020 diaetis

486 2074 564 2133 quae
587 2055 640 2112 tibi
665 2053 873 2132 Parthenopen
897 2052 1015 2112 derecto
1039 2051 1132 2115 limito
1153 2051 1237 2131 ponti

417 2145 468 2200 85.
485 2143 610 2218 ingerit:
635 2143 683 2202 hio
704 2141 792 2202 Grais
817 2143 938 2221 penitus
962 2141 1078 2202 delecta
1100 2140 1228 2200 metallis

484 2252 571 2305 saxe3
597 2231 676 2312 quod
700 2233 781 2291 ane
805 2232 953 2310 respergit
977 2251 1053 2289 vena
1077 2229 1199 2309 Syenes,
1261 2233 1265 2242 '

486 2320 627 2399 Synnade
652 2319 730 2400 quod
755 2331 869 2380 maesta
893 2320 1045 2398 Phrygiae
1067 2317 1169 2377 fodere
1193 2337 1310 2376 secures
1401 2367 1403 2374 .

486 2430 539 2488 per
563 2408 691 2488 Cybeles
715 2411 847 2487 lugentis
872 2429 968 2486 egros,
994 2408 1046 2489 ubi
1070 2427 1216 2466 marmore
1241 2408 1319 2484 picto

486 2498 613 2558 candida
638 2519 789 2578 purpureo
814 2498 1007 2576 distinguitur
1031 2517 1100 2556 aree
1124 2516 1212 2574 gyro;

416 2591 467 2647 90.
485 2588 533 2646 bic
557 2597 586 2648 et
609 2589 764 2664 Amyclaei
789 2608 907 2647 caesum
933 2586 969 2646 de
992 2597 1092 2646 monte
1115 2585 1248 2664 Lycurgi
1302 2657 1307 2668 ,

486 2677 565 2757 quod
589 2679 667 2736 viret
690 2686 721 2736 et
743 2677 848 2738 molles
872 2678 1004 2736 imitatur
1028 2675 1155 2754 rupibus
1178 2673 1296 2747 herbas,

484 2767 533 2825 hic
556 2766 645 2827 Chios
669 2776 699 2826 et
722 2766 859 2844 gaudens
883 2767 990 2825 fluctus
1013 2773 1148 2846 spectare
1171 2762 1324 2841 Carystos:

485 2857 584 2915 omnia
608 2855 793 2916 Chalcidicas
817 2865 914 2915 turres
939 2855 1064 2914 obversa
1088 2854 1229 2915 salutant.

416 2947 466 3005 95.
485 2955 582 3005 macte
598 2947 712 3020 animo,¹
725 2945 804 3027 quod
822 2945 914 3006 Graia
931 2945 1048 3025 probas,
1065 2942 1146 3023 qnod
1160 2941 1251 3002 Graia
1267 2942 1441 3021 frequentas

485 3055 558 3092 arva
581 3055 636 3093 nec
659 3035 813 3095 invideant
836 3055 914 3116 quae
937 3045 968 3094 te
990 3053 1123 3112 genuere
1147 3031 1286 3092 Dicarchi

484 3125 616 3184 moenial
641 3145 695 3183 nos
718 3125 823 3185 melius
848 3124 934 3184 docto
957 3125 1107 3204 potiemur
1130 3122 1259 3184 alumno.

486 3213 557 3293 quid
582 3233 661 3272 nunc
684 3215 761 3273 ruris
786 3234 857 3294 opes
880 3223 1033 3294 pontoque
1056 3212 1177 3272 novalia
1201 3210 1296 3270 dicam

484 3303 594 3363 iniecta
617 3312 648 3362 et
670 3302 805 3364 madidas
828 3304 964 3364 Baccheo
988 3311 1109 3362 nectare
1131 3299 1241 3381 rupes?
1267 3314 1269 3320 '

395 3393 466 3453 100.
484 3411 574 3468 saepe
598 3413 651 3471 per
675 3403 849 3452 autumnum
873 3394 932 3452 iam
955 3391 1138 3472 pubescente
1160 3390 1262 3471 Lyaeo

485 3481 657 3542 conscendit
679 3483 815 3558 scopulos
838 3484 993 3561 noctisque
1017 3481 1134 3541 occulta
1157 3481 1213 3540 sub
1236 3479 1342 3541 umbra

484 3571 606 3646 palmite
630 3580 746 3632 maturo
769 3574 900 3632 rorantia
923 3573 1036 3632 lumina
1059 3572 1144 3632 tersit

485 3660 590 3720 Nereis
613 3671 643 3720 et
667 3660 769 3722 dulces
793 3664 893 3740 rapuit
916 3660 953 3720 de
977 3661 1102 3721 collibus
1124 3680 1208 3726 uvas.

484 3769 575 3829 saepe
599 3758 629 3810 et
652 3752 750 3811 vicino
773 3771 876 3830 sparsa
900 3759 946 3811 est
968 3749 1118 3810 vindemia
1141 3750 1242 3821 fluctu,

397 3843 469 3901 105.
487 3850 517 3898 et
540 3838 639 3918 Satyri
663 3839 797 3900 cecidere
820 3839 905 3900 vadis
928 3839 1099 3921 nudamque
1122 3859 1176 3919 per
1199 3838 1295 3900 undas

486 3927 596 3988 Dorida
619 3931 751 3989 montani
776 3932 934 4009 cupierunt
957 3929 1104 4011 prendere
1127 3929 1236 3989 Panes.

485 4018 525 4076 sis
548 4018 631 4098 felix,
656 4019 754 4098 tellus,
782 4019 906 4080 dominis
929 4019 1073 4079 ambobus
1097 4021 1128 4078 in
1153 4038 1245 4077 annos

485 4107 643 4186 Mygdonii
667 4109 806 4189 Pyliique
828 4110 907 4169 senis
930 4128 986 4168 neo
1009 4107 1110 4168 nobile
1132 4118 1228 4169 mutes

414 4317 456 4370 76.
485 4319 620 4386 proclyta.
666 4321 707 4374 78.
736 4319 833 4374 nassis.
880 4320 922 4376 79.
946 4317 1055 4374 euboea.
1093 4319 1134 4371 80.
1164 4317 1237 4374 serit.
1284 4320 1326 4374 82.
1349 4316 1442 4372 liman.

325 4387 367 4444 86.
382 4393 457 4458 quot.
490 4391 533 4445 87.
548 4396 623 4460 quot.
661 4391 703 4446 90.
722 4389 843 4461 lygurgi.
881 4391 923 4445 95.
943 4390 1022 4461 graia
1042 4419 1072 4428 -
1094 4388 1180 4460 graie.
