3440 5096
681 475 902 534 ..61-

324 652 431 733 Neque
455 652 573 714 felicius
595 653 681 712 nohis
705 653 804 730 egisse
827 650 947 712 videtur
962 652 1111 712 Henricus
1134 652 1288 729 Miiilerus,
1314 647 1349 735 (l.

232 743 251 805 l.
274 762 302 818 p.
322 743 377 822 53)
401 762 467 802 cum
490 733 713 822 posr111‚3‘0
737 752 854 802 retento
877 740 958 822 quod
980 744 1012 801 in
1034 741 1118 801 libris
1142 751 1241 802 exstat
1265 739 1348 826 ‘mm’

234 830 383 912 quaedam
398 831 545 892 excidisse
568 834 726 895 coniceret.
772 831 860 907 Quod
888 831 963 891 illud
988 832 1136 916 ,fulmine
1158 834 1195 899 in
1220 829 1297 916 ipso'
1323 833 1351 891 ei

233 923 433 1002 suspicionem
456 923 559 996 movit,
590 923 710 981 minime
736 923 811 981 iusta
836 931 879 982 est
903 921 1043 994 offensio,
1073 941 1212 998 compara
1236 941 1350 1000 quaeso

233 1011 307 1083 Vh,
326 1015 381 1072 50:
410 1010 605 1096 1dignumque
626 1011 702 1072 nihil
732 1031 814 1071 mens
844 1011 969 1070 fulmine
995 1001 1082 1070 lanto
1106 1008 1261 1091 repperit'.
1296 1013 1349 1070 At·

234 1120 293 1180 que
319 1098 384 1185 ‘me'
410 1122 448 1160 ex
472 1101 595 1160 Domitii
625 1102 796 1162 coniectura
827 1121 881 1161 suo
903 1103 969 1161 iure
1000 1100 1129 1160 editores
1159 1111 1348 1181 receperunt,

233 1200 394 1270 propterea
418 1191 497 1270 quod
522 1201 552 1249 et
582 1211 745 1267 pronomen
775 1192 881 1270 utique
910 1192 1110 1252 necessarium
1139 1200 1239 1250 estet
1265 1184 1347 1276 ,c'am’

232 1280 373 1340 facillime
397 1299 435 1340 ex
457 1282 544 1340 initio
567 1300 672 1340 versus
694 1290 853 1361 penetrare
875 1282 980 1361 potuit.

323 1369 417 1430 Plane
448 1389 509 1443 nou
538 1371 682 1447 intellego
713 1391 766 1430 cur
798 1370 998 1430 Schwartaius
1028 1371 1059 1448 (l.
1085 1369 1102 1428 l.
1128 1391 1155 1448 q.
1184 1366 1239 1451 14)
1268 1369 1295 1429 V
1319 1373 1349 1449 3,

236 1461 297 1520 182
330 1471 397 1539 post
428 1478 531 1518 vocem
565 1456 759 1545 ‘aupuribus’
792 1461 931 1520 lacunam
961 1460 1106 1521 statuerit.
1160 1459 1237 1518 Nam
1269 1459 1350 1538 quod

233 1547 439 1628 praedicatum
464 1546 568 1612 deesse
592 1548 673 1623 dicit,
697 1550 771 1608 nihil
796 1551 891 1612 valet:
918 1543 1122 1633 ,monstrosis
1148 1549 1288 1628 suppleas
1312 1569 1351 1608 01

234 1658 325 1698 versu
348 1637 563 1702 antecedente:
586 1660 622 1698 en
647 1639 786 1700 absoluta
808 1641 965 1700 sententia.

324 1726 384 1789 Sed
418 1728 493 1788 haec
535 1749 615 1787 nunc
647 1728 766 1808 quidem
796 1749 857 1788 non
889 1738 1061 1809 persequor.
1109 1726 1261 1788 Concedes
1291 1747 1351 1787 non

235 1838 272 1876 ea
295 1838 356 1896 qua
372 1838 427 1897 par
443 1827 488 1878 est
503 1819 767 1897 circumspectione
783 1827 813 1876 et
829 1820 968 1878 cautione
984 1836 1157 1896 progressos
1182 1837 1248 1876 esse
1270 1819 1349 1876 viros

235 1906 345 1970 doctos.
407 1907 541 1966 Transeo
574 1905 612 1965 ad
636 1905 791 1986 epicedion
821 1909 914 1987 patris
944 1907 985 1988 (V
1018 1909 1059 1984 3),
1095 1907 1147 1966 ubi
1181 1908 1351 1986 posterioris

234 1999 415 2056 recensionis
445 1998 605 2073 vestigium
629 2015 647 2054 a
670 1997 743 2056 viris
768 1995 862 2056 doctis
890 1995 1020 2056 nondum
1045 1995 1118 2056 mihi
1142 1997 1260 2056 videtur
1284 2015 1350 2054 esse

235 2085 397 2146 detectum.
443 2087 645 2146 Retraotatam
668 2095 767 2145 autem
792 2107 856 2148 esse
879 2087 956 2145 hanc
980 2086 1124 2163 eclogam,
1148 2083 1283 2144 sednon
1305 2085 1350 2144 ul·

235 2177 308 2236 tima
330 2175 401 2236 lima
424 2177 586 2256 expolitam
610 2195 677 2235 cum
705 2176 898 2236 Kerckhoffio
921 2172 956 2260 (l.
973 2176 993 2238 l.
1010 2197 1040 2255 p.
1061 2176 1114 2255 23)
1137 2184 1226 2234 teneo
1249 2185 1351 2239 contra

235 2285 272 2324 ea
308 2285 386 2345 quae
422 2268 592 2345 nuperrime
623 2265 730 2326 eureio
762 2264 936 2346 disputavit.
984 2267 1028 2324 Ac
1056 2285 1094 2326 ne
1125 2264 1292 2324 Vollmerus
1316 2265 1348 2338 (l.

235 2355 254 2417 l.
278 2377 307 2435 p.
334 2358 388 2432 40)
413 2356 534 2434 quidem
557 2355 628 2414 mihi
652 2358 813 2436 persuasit,
844 2357 894 2436 qui
919 2375 1101 2435 quamquam
1124 2353 1211 2414 Statii
1233 2364 1350 2433 patrem

235 2445 325 2524 paulo
349 2454 419 2527 post
443 2445 567 2506 Vesuvii
591 2449 777 2526 eruptionem
802 2466 879 2504 anno
903 2447 942 2507 79
966 2445 1076 2504 factam
1099 2445 1207 2504 obiisse
1230 2443 1351 2503 videtur

235 2536 380 2615 accipere,
405 2533 561 2615 epicedion
584 2536 678 2595 multo
701 2544 769 2617 post
792 2536 986 2615 compositum
1009 2555 1073 2595 esse
1096 2535 1208 2596 statuit.
1262 2533 1350 2608 Quod

234 2634 334 2684 autem
365 2635 455 2704 poeta
487 2634 546 2684 tres
576 2644 693 2685 menses
721 2634 789 2705 post
811 2627 904 2706 patris
926 2634 1050 2685 mortem
1073 2644 1105 2683 se
1128 2643 1234 2705 poema
1258 2625 1349 2703 scrip·

235 2715 309 2775 sisse
333 2713 441 2774 diserte
464 2722 601 2790 testatur,
626 2715 664 2774 ad
680 2716 819 2775 ficticium
844 2725 960 2793 tempus
976 2722 1111 2794 spectare
1133 2724 1228 2794 putat.
1260 2713 1348 2772 Mini-

234 2824 282 2862 me
305 2824 377 2864 vero
400 2804 474 2862 mihi
504 2803 623 2864 videtur
656 2824 720 2864 esse
751 2804 907 2883 probabile
938 2816 1006 2883 post
1030 2803 1206 2864 decennium
1230 2818 1347 2879 poetam

232 2893 306 2954 illud
329 2904 447 2974 tempus
468 2894 600 2954 finxisse.

322 2985 415 3044 Poeta
446 2995 603 3063 postquam
628 2986 767 3065 exposuit
794 2982 866 3063 quid
890 2993 976 3065 pater
1002 2983 1115 3042 Romae
1144 2981 1348 3042 adulescentes

233 3074 348 3134 nobiles
371 3074 528 3154 docuisset,
552 3076 594 3134 sic
616 3075 732 3155 pergit:
757 3069 800 3157 (v.
827 3077 887 3134 185
912 3074 967 3154 sq).

377 3211 407 3258 et
430 3221 509 3260 nuuc
532 3221 571 3261 ex
593 3201 645 3260 illo
668 3200 770 3260 forsan
792 3219 887 3277 grege
911 3199 1051 3276 gentibus
1076 3199 1152 3258 alter

376 3291 443 3349 iura
467 3288 518 3350 dat
540 3291 621 3366 Eois,
645 3291 721 3350 alter
745 3291 906 3370 compescit
929 3289 1068 3370 Hiberos,

306 3401 307 3408 ¹
376 3379 453 3440 alter
476 3381 710 3441 Achaemenium
734 3379 861 3439 secludit
883 3379 1050 3458 Zeugmate
1071 3379 1193 3452 Persen,

376 3469 408 3527 hi
433 3468 507 3530 dites
532 3471 624 3529 Asiae
647 3470 785 3550 populos,
809 3469 840 3527 hi
863 3467 988 3528 Pontica
1010 3470 1139 3542 frenant,

376 3560 407 3618 hi
430 3560 494 3619 fora
517 3559 648 3638 pacificis
671 3559 830 3620 emendant
851 3558 993 3639 fascibus,
1018 3558 1061 3617 illi

376 3660 472 3708 castra
494 3651 545 3729 pia
568 3651 696 3709 statione
719 3659 835 3711 tenent:
860 3660 894 3707 tu
916 3647 1014 3708 laudis
1037 3649 1129 3724 origo.

375 3759 435 3798 non
458 3739 514 3799 tibi
538 3747 700 3799 certassent
722 3739 868 3799 iuvenilia
890 3738 1004 3815 fingere
1027 3739 1117 3798 corda

335 3873 338 3880 .
375 3829 483 3888 Nestor
506 3840 536 3888 et
558 3828 693 3888 indomiti
716 3829 854 3889 Phoenix
877 3828 1046 3887 moderator
1069 3827 1181 3886 alumni

376 3921 487 3999 quique
513 3917 602 3978 tubas
625 3939 709 3978 acres
732 3920 884 3997 lituosque
908 3916 1013 3977 audire
1036 3916 1186 3978 volentem

375 4009 527 4069 Aeaciden
550 4009 609 4068 alio
632 4007 793 4087 frangebat
815 4009 946 4067 carmine
970 4006 1091 4068 Chiron.

232 4133 293 4210 Qui
317 4154 422 4194 versus
445 4137 556 4217 optime
572 4135 797 4216 subsequuntur
820 4155 871 4195 eos
896 4137 948 4215 qui
964 4132 1154 4195 antecedunt.
1191 4133 1254 4192 Iam
1276 4149 1348 4192 vero

231 4225 303 4284 mihi
327 4224 481 4286 considera
503 4245 583 4306 quae
606 4236 766 4306 sequntur:

230 4393 236 4408 ‚
320 4333 392 4394 talia
414 4331 485 4394 dum
508 4334 641 4396 celebras
664 4332 795 4394 subitam
817 4331 912 4392 civilis
935 4332 1042 4411 Erinys

231 4475 234 4482 ,
320 4423 445 4510 Tarpeis
469 4423 506 4484 de
529 4435 628 4487 monte
651 4425 748 4484 facem
771 4423 1001 4506 Phlegraeaque
1024 4424 1117 4483 movit
1139 4421 1261 4504 proelia.
