3440 5096
676 487 894 567 fflic-

207 683 324 723 sensu.
383 662 493 721 Parum
528 665 614 722 caute
649 659 845 721 Marklandus
879 682 983 722 vocem
1021 657 1168 748 ‘nostres'
1204 663 1344 729 tentavit.

207 754 355 814 Nostrae
378 753 455 812 enim
478 751 628 831 procellae
652 760 731 825 sunt,
756 752 788 810 in
811 751 921 831 quibus
944 771 1000 810 nos
1023 768 1186 812 versamur.

318 845 393 906 143:
404 843 525 908 'discite
541 842 655 924 securi,
680 861 817 922 quorum
831 842 868 907 de
890 848 1011 926 pectore
1027 842 1145 908 mimae
1160 842 1199 909 te
1217 842 1348 929 lorcyum

212 935 327 1000 coiere
358 935 462 1018 faces:
492 930 631 990 allocutio
662 930 695 988 fit
727 929 764 989 ed
795 931 906 1011 plures.
965 931 1024 1006 Qui
1055 933 1115 990 sint
1145 931 1189 990 illi
1220 933 1346 991 multum

213 1024 402 1083 dubitavere
426 1055 469 1066 -
492 1021 618 1080 Pollium
648 1031 677 1080 et
700 1022 902 1080 Menecraten
929 1021 1066 1101 plerique
1088 1021 1279 1082 intellexere!
1305 1057 1348 1066 -

215 1113 274 1173 sed
288 1133 364 1172 seno
376 1111 489 1170 homini
502 1111 586 1170 nulla
599 1118 698 1190 potest
713 1111 817 1170 relicta
833 1130 897 1171 esse
913 1109 1059 1170 dubitatio
1077 1112 1151 1190 quin
1167 1110 1204 1171 ad
1219 1112 1346 1171 Pollium

222 1205 355 1282 eiusque
372 1195 545 1280 'coniugem
574 1209 711 1280 spectent
733 1201 785 1259 illa
809 1200 911 1262 verba.
948 1200 994 1259 Ad
1018 1201 1072 1259 hos
1095 1201 1171 1260 solos
1199 1201 1348 1282 quadrant

228 1293 400 1373 sequentia:
425 1310 548 1372 quorum
574 1289 750 1366 depectere
774 1299 829 1350 etc.
864 1292 907 1349 At
930 1291 1032 1349 Pollae
1055 1289 1185 1350 nondum
1208 1295 1240 1351 in
1262 1311 1347 1372 pero-

232 1385 343 1442 ratione
370 1383 480 1440 mentio
508 1381 588 1439 tacta
617 1389 670 1440 est.
718 1384 855 1461 Apparet
881 1381 975 1458 igitur
998 1377 1182 1441 Gronovium
1207 1379 1307 1464 (distr.
1332 1381 1348 1440 Ι

231 1493 253 1552 p.
279 1466 360 1556 183)
384 1491 445 1551 qua
469 1480 533 1530 erat
557 1470 690 1530 doctrine
718 1483 748 1530 et
770 1471 935 1547 sagacitate
958 1490 1061 1530 verum
1090 1469 1211 1544 vidisse,
1242 1474 1294 1551 qui
1317 1493 1355 1532 v..

227 1565 402 1622 143-146
419 1563 451 1620 in
466 1559 525 1620 fine
544 1561 633 1620 totius
647 1561 771 1637 eclogae
787 1559 976 1619 collocandos
992 1580 1057 1620 esse
1069 1563 1185 1624 statuit.
1212 1559 1346 1633 Accedit,

222 1650 307 1731 quod
330 1651 390 1709 iem
410 1650 549 1710 Barthius
573 1651 666 1710 sensit
690 1650 856 1710 clausulam
879 1651 922 1709 sic
945 1647 1063 1730 cedere,
1088 1661 1122 1710 ut
1144 1671 1282 1710 mancum
1305 1652 1348 1710 vi·

223 1742 291 1801 deri
326 1742 418 1820 possit
454 1760 581 1802 carmen.
641 1739 755 1819 Utique
789 1741 957 1800 necessaria
992 1749 1038 1799 est
1071 1743 1263 1821 transpositio
1287 1741 1348 1802 illa.

221 1831 338 1896 discite
361 1831 484 1896 securi:
507 1827 676 1890 Gronovius
709 1826 816 1914 ‘dicite'
847 1831 972 1889 coniecit
1000 1828 1078 1909 quod
1108 1851 1154 1889 me
1178 1851 1239 1889 non
1261 1831 1349 1890 intel·

226 1921 333 1997 legere
356 1921 459 1997 fateor.
485 1917 680 1978 Marklandus
697 1917 842 1978 Gronovii
865 1918 1021 1999 scrupulos
1043 1927 1170 1978 remotos
1194 1939 1257 1980 esse
1280 1940 1348 1979 cen·

223 2011 305 2087 suit,
339 2009 364 2067 si
398 2005 510 2095 toc'oc'te'
543 2008 731 2070 scriberetur.
787 2007 879 2068 Cuius
909 2009 1073 2068 sententiae
1103 2006 1286 2089 Polsterus¹)
1316 2029 1348 2069 se

226 2099 403 2180 applicavit,
436 2100 487 2178 qni
511 2098 679 2158 litterarum
702 2096 879 2157 traditarum
907 2099 1041 2176 vestigiis
1069 2099 1162 2157 artius
1192 2100 1348 2158 insistens:

229 2181 350 2272 ‘degite’
370 2189 532 2269 proposuit.
564 2187 623 2248 Sed
639 2189 801 2248 rectissime
818 2188 988 2268 nuperrime
999 2183 1201 2269 Vollmerusi)
1218 2187 1351 2247 defendit

227 2277 374 2337 librorum
403 2279 576 2340 lectionem:
605 2279 724 2345 discite.
772 2278 849 2336 Nam
878 2297 917 2338 ex
944 2299 972 2336 v.
1007 2280 1066 2339 148
1092 2298 1135 2357 sq.
1160 2279 1349 2357 cognoscitur

225 2367 344 2427 Pollam
377 2387 499 2447 quoque
530 2367 735 2449 philosophica
768 2368 902 2427 doctrina
933 2367 1077 2426 imbutam
1108 2369 1208 2430 fnisse.
1262 2366 1351 2443 Quod

228 2477 296 2516 cum
320 2459 363 2515 ita
387 2459 434 2538 sit,
464 2458 574 2537 optime
603 2457 640 2516 ad
664 2459 843 2518 sententiam
867 2467 970 2537 aptum
994 2467 1037 2517 est
1059 2455 1134 2516 illud
1159 2452 1284 2543 ‘securil
1309 2492 1347 2504 -

226 2548 266 2613 cle
285 2553 423 2631 pectore:
449 2547 485 2609 cf.
508 2547 552 2606 IV
579 2551 607 2622 6,
624 2553 673 2610 55.
720 2546 781 2608 cie.
807 2546 853 2608 de.
880 2546 939 2609 div.
964 2548 979 2607 I
1005 2550 1090 2622 8,14
1113 2568 1141 2607 v.
1168 2553 1197 2609 3.

322 2641 393 2699 145.
418 2638 460 2703 ite
483 2659 539 2720 per
562 2659 668 2705 coccos
691 2638 879 2722 saeculaque
903 2644 932 2703 et
952 2639 1078 2721 priscae
1100 2637 1210 2703 tttotos
1221 2659 1349 2721 proece-

224 2726 291 2794 dte
302 2728 421 2812 famae:
439 2726 492 2786 hos
508 2747 611 2788 versus
628 2727 806 2787 conclusisse
822 2731 958 2805 eclogam
975 2727 1082 2785 docent
1093 2727 1204 2786 similes
1217 2728 1348 2787 omnium

224 2817 289 2876 fere
317 2817 480 2875 carminum
509 2819 622 2878 exitus:
653 2817 688 2881 cf.
718 2819 733 2877 I
760 2821 875 2889 1,105.
904 2817 919 2875 I
944 2817 1061 2888 2275.
1092 2816 1248 2888 13,110.
1278 2819 1291 2876 l
1317 2824 1347 2896 4,

229 2909 302 2968 125.
327 2906 343 2964 1
366 2908 395 2979 5,
412 2907 463 2968 er.
489 2906 520 2965 ιι
549 2910 578 2979 3,
590 2909 645 2967 re.
674 2907 722 2965 ιιι
754 2904 1081 2990 1,171.1114,103.
1106 2905 1150 2965 1v
1176 2911 1294 2980 3,162.
1320 2907 1349 2965 v

229 3000 258 3074 1,
273 2998 346 3056 258.
373 2996 501 3080 priscae
516 2997 626 3062 titulos
635 2996 815 3080 praecedite
829 2996 950 3081 samoe:
967 2995 1005 3055 cf.
1021 2994 1037 3053 I
1055 2999 1083 3068 2,
1095 2998 1151 3056 90:
1169 3005 1202 3056 tn
1219 3005 1346 3070 veteres,

224 3085 353 3162 iuvenis,
379 3096 583 3162 transgressus
607 3105 733 3149 amores.

319 3176 390 3236 147.
416 3181 512 3259 toque
534 3197 642 3242 eures
671 3178 757 3242 teter
788 3177 900 3261 lonpoe
924 3175 1116 3259 praecordio
1138 3196 1250 3242 curce:
1281 3195 1348 3234 cum

227 3263 320 3325 verba
343 3263 453 3324 tradito
477 3285 566 3325 seusu
591 3274 720 3346 careant,
744 3265 781 3325 de
805 3266 914 3324 lacune
937 3263 1099 3325 statuenda
1121 3267 1180 3324 iam
1204 3266 1349 3324 Domitius

227 3355 380 3432 cogitavit.
435 3353 494 3413 Sed
526 3356 606 3415 mala
637 3356 743 3415 meluit
774 3357 946 3415 coniectura
976 3355 1040 3414 loco
1071 3354 1192 3415 mederi.
1246 3357 1348 3434 Atque

227 3464 308 3524 quae
336 3446 367 3504 in
392 3442 590 3504 deterioribus
629 3446 714 3504 libris
737 3446 880 3523 leguntur
911 3464 964 3525 pro
996 3444 1120 3504 vocibus
1154 3446 1350 3528 praecordia

228 3528 332 3601 eurae'
358 3533 547 3593 manifestum
571 3546 616 3594 est
638 3537 814 3595 coniecturis
836 3555 901 3594 esse
925 3543 990 3593 orta
1013 3554 1113 3613 neque
1135 3537 1178 3593 eia
1202 3535 1347 3598 felicibus.

228 3626 384 3684 Assentior
412 3625 505 3701 igitur
529 3623 711 3684 Baehrensio
743 3626 795 3705 qui
825 3645 944 3684 versum
975 3624 1084 3683 lacuna
1113 3622 1253 3684 haustum
1285 3644 1350 3683 esse

228 3711 393 3780 adnotavit.
455 3712 535 3788 Quid
573 3722 673 3773 eutem
705 3715 814 3774 lacuna
853 3715 906 3773 illa
944 3714 1080 3793 perierit,
1117 3712 1197 3772 haud
1229 3713 1351 3773 difficile

227 3811 273 3861 est
296 3803 333 3862 ad
358 3802 586 3864 enucleandum.
615 3798 722 3889 tlottpe'
749 3803 923 3864 adverbium
950 3839 988 3848 -
1011 3823 1080 3861 nam
1107 3799 1236 3888 ,toneat
1261 3823 1350 3864 seusu

228 3891 401 3954 destitutum
432 3903 477 3953 est
506 3933 547 3942 -
572 3894 667 3971 exigit
697 3894 922 3974 superlativum.
970 3894 1132 3953 Praetereo
1165 3892 1351 3953 desideretur

227 3977 337 4042 nomen
358 3983 471 4062 Pollae,
503 3985 547 4042 ita
577 3993 611 4043 ut
634 3982 728 4044 Statio
760 4003 846 4044 suum
874 3982 1015 4044 videatur
1045 3980 1246 4043 vindicavisse
1270 3983 1349 4041 Voll-

229 4091 326 4132 merus
349 4073 369 4132 l.
385 4072 405 4132 l.
424 4075 476 4152 qui
503 4074 694 4158 ‘doctissima
709 4070 812 4140 Polla'
837 4073 998 4153 supplevit.
1043 4070 1102 4132 Sed
1126 4071 1163 4133 de
1178 4073 1351 4152 supplendis

228 4163 328 4222 verbis
352 4167 376 4222 si
392 4163 513 4238 longius
527 4165 618 4222 velim
636 4162 792 4243 disserere,
818 4183 922 4222 vereor
945 4183 983 4222 ne
1006 4164 1105 4221 ventis
1121 4162 1215 4222 verba
1231 4162 1351 4241 profun-

229 4251 305 4315 dam.
336 4253 382 4311 De
398 4254 548 4311 sententia
563 4253 687 4312 dubium
704 4273 770 4314 esse
785 4274 846 4313 non
862 4262 969 4334 potest,
986 4252 1023 4312 ci.
1037 4252 1173 4314 Vollmer
1188 4253 1208 4315 l.
1221 4252 1239 4313 l.
1253 4272 1284 4331 p.
1298 4255 1350 4315 38.

231 4361 411 4368 .-.---.

319 4391 341 4459 ¹)
360 4360 531 4444 siecleiseni
550 4408 613 4447 ann.
635 4391 711 4448 OVlI
730 4394 821 4463 (1873)
839 4410 866 4462 p.
886 4379 946 4447 775.

318 4461 340 4534 ²)
358 4476 426 4519 mus.
445 4461 532 4519 Rhen.
553 4465 605 4518 vol.
626 4464 664 4517 LI
683 4465 775 4534 (1896)
793 4481 821 4534 p.
840 4467 883 4519 38.

1138 4556 1157 4608 4
