3440 5096
748 441 946 497 -9-

287 617 352 678 sim.
401 617 505 694 Atque
528 613 687 674 nonnullos
711 599 750 674 eri
772 613 868 674 titulis
888 614 927 674 ab
944 614 1065 675 homine
1080 613 1182 695 aliquo
1199 635 1266 675 esse
1282 614 1406 691 additos,

287 705 339 785 qui
363 705 474 780 optime
497 705 639 780 cognovit
663 723 714 763 ees
735 723 878 783 personas
895 704 1006 784 quibus
1021 704 1141 783 singula
1156 707 1309 785 poematia
1324 714 1409 765 erant

287 792 443 867 dedicata,
472 793 520 853 vel
544 791 614 853 inde
638 803 764 873 apparet
788 791 868 874 quod
892 795 922 852 in
946 796 989 854 eis
1014 795 1134 855 nomina
1156 795 1205 854 vel
1229 797 1409 872 cognomina

287 884 408 944 obviam
432 882 508 943 frunt
531 903 610 962 quae
632 903 731 962 neque
754 883 786 941 in
808 884 874 963 ipso
899 885 1030 943 carmine
1060 903 1160 962 neque
1187 885 1218 942 in
1249 884 1408 964 praefatio·

287 972 384 1058 nibus,
407 987 580 1045 occurrunt,
613 972 697 1031 velut
725 971 860 1039 Atedius
890 973 996 1032 Melior
1027 969 1072 1057 (ΙΙ
1096 977 1123 1034 1.
1147 973 1179 1032 Π
1203 971 1246 1051 3),
1294 973 1409 1033 Pollius

289 1061 384 1128 Felix
409 1059 628 1144 (112.1111).
675 1059 815 1128 Flavius
841 1062 937 1122 Ursus
962 1062 1005 1141 (ΙΙ
1027 1059 1072 1144 6.)
1125 1059 1305 1144 Vtrortos1)
1330 1064 1407 1122 Mar·

291 1151 382 1211 collus
405 1149 464 1232 (lv
482 1147 526 1234 4.)
572 1149 728 1224 Novium)
754 1149 874 1210 Vindex
899 1151 956 1234 (IV
979 1153 1021 1230 6).
1070 1150 1149 1226 Quid
1179 1153 1273 1229 igitur
1305 1153 1407 1211 verisi-

291 1240 388 1300 milius
412 1260 503 1319 qnam
526 1249 645 1320 poetam
669 1240 723 1299 nbi
745 1240 880 1318 singulos
904 1240 1023 1318 eclogas
1055 1241 1086 1300 in
1116 1240 1207 1300 libros
1231 1241 1406 1320 complecte-

292 1329 379 1390 batur
402 1331 499 1409 ipsnm
522 1329 624 1388 titulos
648 1326 820 1391 addidisset

377 1417 482 1478 Restat
513 1429 548 1479 ut
577 1416 614 1477 de
642 1428 790 1498 apparatu
818 1420 919 1477 critico
950 1418 1081 1478 breviter
1109 1439 1208 1496 agam.
1256 1418 1351 1494 Quem
1375 1431 1408 1479 ut

292 1507 412 1587 plenum
436 1507 550 1567 babere
573 1508 645 1566 mihi
668 1508 780 1581 liceret,
805 1508 915 1566 eximia
939 1509 1072 1566 Mauritii
1093 1509 1199 1566 Krohn
1216 1509 1407 1569 Zittaviensis

291 1597 502 1656 benevolentia
525 1597 636 1656 factum
665 1606 720 1669 est,
755 1596 807 1675 qui
830 1617 900 1656 suas
924 1598 1024 1676 copias
1056 1597 1261 1658 liberalissime
1293 1619 1407 1658 mecum

290 1688 529 1749 communicavit.
575 1685 723 1749 Necnon
746 1686 860 1762 gratias
883 1685 980 1746 habeo
1002 1686 1186 1762 Engelberto
1202 1688 1330 1766 Drerup,
1356 1691 1407 1767 qui

289 1797 355 1835 curn
379 1777 492 1836 Romae
516 1784 682 1835 versantem
706 1777 889 1852 rogavissem
914 1784 1000 1834 notas
1023 1776 1151 1853 margini
1173 1774 1312 1836 editionis
1330 1779 1407 1857 prin·

290 1866 367 1945 cipis
391 1863 571 1944 adscriptas,
604 1865 779 1924 amicissime
809 1865 841 1923 in
869 1884 966 1923 meum
998 1885 1083 1924 usum
1115 1867 1258 1927 enotavit.
1308 1868 1408 1946 Atque

290 1954 369 2032 elegi
393 1974 431 2013 ex
455 1954 687 2034 locupletissimo
716 1964 863 2032 apparatu
893 1951 1002 2012 codicis
1025 1954 1206 2012 Matritensis
1230 1975 1247 2012 a
1271 1954 1407 2015 Gustavo

289 2042 400 2103 Loewe
430 2045 540 2124 reperti
572 2043 715 2102 lectiones
740 2041 817 2121 (cod.
845 2041 916 2100 bibl.
940 2043 1052 2104 nation.
1080 2039 1145 2124 31),
1178 2062 1267 2122 quem
1298 2043 1405 2103 librum

291 2133 487 2213 archetypum
511 2141 674 2192 ceterorum
699 2133 765 2191 esse
788 2130 1044 2191 demonstraturus
1068 2143 1113 2190 est
1136 2132 1300 2196 Krohnius.
1340 2132 1406 2209 Sig-

289 2223 360 2281 navi
390 2233 491 2282 autem
522 2220 632 2281 codicis
662 2222 805 2281 lectiones
830 2221 929 2280 littera
952 2223 982 2279 M
1012 2241 1152 2300 quaeque
1176 2222 1271 2282 altera
1302 2244 1407 2282 manus

290 2313 432 2392 correxit,
468 2310 572 2372 eadem
607 2311 707 2370 littera
742 2311 918 2370 minuscula.
973 2310 1059 2384 Quae
1092 2313 1149 2370 viri
1185 2311 1263 2371 docti
1297 2313 1407 2391 passim

289 2402 503 2481 praestiterunt
527 2402 559 2459 in
582 2408 668 2460 textu
691 2400 740 2458 vel
763 2398 949 2458 emendando
974 2401 1020 2458 vel
1045 2399 1237 2480 explicando,
1266 2421 1320 2461 suo
1343 2402 1408 2462 loco

290 2488 446 2554 adnotabo.
495 2490 625 2548 Krohnii
649 2490 833 2548 coniecturas
858 2509 895 2547 ex
918 2489 1024 2549 litteris
1046 2510 1121 2569 quas
1141 2490 1193 2548 ille
1209 2488 1247 2548 ad
1263 2511 1311 2549 ms
1327 2488 1409 2550 dedit
1443 2563 1444 2568 ἵ

288 2588 453 2660 compertas
478 2579 584 2640 habeo.

379 2755 389 2786 1

308 2807 310 2811 ¹
378 2757 401 2894 ”l
420 2755 460 2880 iic
473 2753 554 2881 idid
563 2751 1043 2880 rtelpffi.anpllpa(ppi7u⁷s)npmternsmud
1056 2824 1207 2891 scripserat
1225 2825 1254 2878 in
1272 2825 1408 2894 peculiari

288 2897 370 2951 huius
389 2898 502 2966 eclogae
521 2897 654 2952 editione:
674 2912 766 2965 progr.
784 2895 870 2949 Jenae
892 2897 967 2950 1849.
1005 2896 1038 2950 cf.
1053 2895 1184 2950 Kalinlra:
1205 2897 1276 2952 stud.
1290 2897 1406 2952 Vindob.

289 2968 340 3023 vol.
360 2968 416 3023 ΧῙΙ
434 2970 528 3039 (1890)
546 2986 571 3038 p.
591 2971 650 3023 247.
