3440 5096
663 493 882 552 ...37-

213 668 306 731 verba
338 668 402 729 lieri
432 667 514 730 unde
544 667 673 733 sumus?
729 672 804 731 Rem
835 693 892 732 acu
922 673 1021 752 tetigit
1051 672 1248 735 Marklandus
1278 676 1332 758 qui

216 768 381 844 praeeunte
417 759 565 820 Politiano
599 760 783 839 ‘liventibus'
820 760 913 821 edidit
944 762 979 826 cl.
1012 764 1112 845 Apoll.
1145 763 1207 825 Sid.
1239 787 1330 834 carm.

214 857 265 933 22,
294 853 365 911 137.

304 944 356 1004 88.
391 937 447 1002 ubi
475 958 629 1003 marmore
657 939 739 1019 picto
771 939 907 1003 candidu
932 960 1094 1022 purpureo
1124 941 1331 1026 disiiupuitm

211 1051 290 1095 areu
311 1051 386 1112 pyro
417 1031 454 1090 of.
479 1029 556 1092 Plin.
587 1028 617 1092 h.
643 1052 671 1090 n.
696 1030 822 1089 XXXV
847 1036 878 1093 3:
909 1033 1069 1111 ‘coepimus
1093 1043 1124 1092 et
1145 1032 1244 1110 lapide
1267 1037 1330 1115 pin·

211 1142 297 1202 gere.
345 1123 411 1182 Hoc
434 1120 553 1181 claudii
575 1121 746 1200 principatu
761 1122 926 1192 inventum,
951 1123 1079 1182 Neronis
1102 1143 1174 1184 vero
1197 1125 1330 1186 maculas

212 1232 294 1294 quae
316 1232 378 1272 non
401 1219 499 1272 essent
514 1214 545 1270 in
561 1211 668 1269 crustis
685 1209 841 1270 inserendo
858 1213 1004 1271 unitatem
1022 1215 1148 1285 variare,
1172 1223 1207 1273 ut
1223 1223 1329 1274 ovatus

214 1311 294 1364 esset
316 1300 501 1381 Numidicus,
526 1312 560 1361 ut
582 1319 717 1379 purpura
741 1299 973 1378 distingueretur
990 1301 1176 1381 Synnadicus
1200 1305 1331 1383 qualiter

216 1393 278 1452 illos
302 1394 383 1451 nasci
406 1399 561 1471 optassent
590 1388 735 1450 delicice’.
760 1391 826 1451 silv.
852 1391 867 1449 Ι
891 1393 920 1463 3,
946 1394 1004 1452 36:
1041 1412 1090 1470 ‘an
1112 1395 1261 1473 picturata
1283 1395 1329 1453 lu-

215 1483 313 1541 centia
337 1502 483 1541 marmora
506 1501 584 1541 vena
606 1479 724 1538 mireri'
771 1479 869 1559 Apoll.
895 1479 956 1541 Sid.
982 1482 1069 1561 epIst.
1094 1484 1125 1542 ll
1150 1487 1179 1555 2,
1207 1486 1237 1543 l:
1269 1503 1329 1562 ‘ne-

212 1591 272 1652 que
304 1591 359 1651 per
391 1571 528 1651 scopulos
559 1569 753 1649 Aethiopicos
789 1580 819 1629 et
853 1569 982 1649 abrupta
1015 1590 1168 1650 purpurea
1197 1575 1329 1650 genuino

210 1663 328 1726 fucata¹
350 1661 504 1741 conchylio
540 1679 677 1743 sparsum
714 1658 786 1718 mihi
825 1679 899 1718 saxa
937 1659 1082 1719 furfurem
1122 1664 1328 1724 mentiuntnr'.

211 1751 319 1814 Claud.
347 1753 378 1810 in
405 1752 490 1814 llutr.
522 1751 641 1813 11273
667 1749 898 1829 ,<Ρ1π]ςίε>
926 1751 1056 1829 pretiosa
1080 1797 1087 1810 .
1114 1798 1120 1815 .
1144 1753 1224 1831 picto
1252 1773 1329 1812 mar·

208 1861 292 1902 more
315 1842 483 1921 purpureis,
508 1841 605 1901 caedit
629 1837 708 1917 quod
731 1838 883 1917 Synnada,
908 1839 1001 1898 venis.
1140 1863 1143 1870 ·

303 1934 354 1992 90.
394 1928 443 2000 lu'c
472 1933 502 1992 ei
531 1925 694 2011 Amyclaei
723 1945 848 1990 caesum
879 1925 917 1990 dc
947 1931 1048 1991 moute
1078 1927 1216 2010 Imcmpi
1249 1930 1331 2012 quod
1368 2009 1370 2012 Ι

208 2019 291 2084 sirei
312 2023 342 2082 ei
364 2018 469 2086 molles
492 2018 637 2082 imitatur
659 2015 791 2098 rupibus
807 2015 937 2082 herbas:
952 2016 1101 2077 indicetur
1124 2019 1205 2080 hisce
1228 2021 1328 2080 verbis

209 2131 341 2170 marmor
357 2109 626 2170 Lacedaemonium
647 2108 689 2186 cf.
700 2109 836 2181 Bursian,
854 2106 963 2184 Geogr.
977 2127 1006 2168 v.
1021 2106 1140 2172 Griech.
1165 2110 1197 2168 H
1212 2131 1240 2188 p.
1256 2114 1328 2173 106.

210 2201 312 2261 Strab.
345 2199 421 2259 VIII
450 2205 479 2273 5,
507 2201 533 2263 7.
558 2220 586 2279 p.
613 2202 688 2260 367:
717 2200 771 2259 eloi
799 2198 832 2257 δὲ
855 2201 998 2271 λατομίαι
1022 2200 1115 2258 λίθου
1137 2200 1329 2273 πολυτελοῦς

179 2287 271 2350 ’τοῦ
293 2290 351 2362 μὲν
379 2292 542 2366 Ταιναρίου
565 2287 599 2349 ἐν
628 2286 768 2369 Ταινάρῳ
792 2291 928 2357 παλαιαί,
958 2291 1068 2347 νεωστὶ
1097 2289 1129 2349 δὲ
1153 2292 1202 2349 καὶ
1225 2287 1259 2349 ἐν
1282 2293 1329 2370 τῷ

215 2379 361 2460 Ταϋγέτῳ
392 2378 549 2451 μέταλλον
573 2373 714 2460 ἀνέῳξαν
738 2400 818 2452 τινες
841 2373 1011 2452 εὐμέγεθες,
1040 2375 1181 2454 χορηγὸν
1205 2376 1330 2454 ἔχοντες

208 2465 271 2547 τὴν
299 2473 364 2529 τῶν
389 2463 551 2541 Ῥωμαίων
574 2469 786 2530 πολυτέλειαν.
833 2467 908 2529 Plin.
932 2467 960 2528 h.
977 2487 1004 2530 n.
1028 2467 1170 2528 XXXVI
1186 2469 1244 2531 55:
1268 2489 1328 2528 uon

209 2560 313 2620 omnia
340 2566 441 2618 autem
464 2562 686 2636 <marmorum
714 2561 870 2635 genera>
898 2557 930 2615 in
957 2556 1125 2636 lapicidinis
1149 2559 1325 2636 gignuntur,

210 2647 265 2708 sed
295 2648 390 2708 multa
421 2657 450 2708 et
480 2648 536 2707 sub
567 2658 648 2708 terra
678 2668 790 2728 sparsa,
823 2647 1026 2728 pretiosissimi
1054 2646 1174 2728 quidem
1198 2650 1326 2725 generis,

212 2738 291 2798 sicut
319 2733 589 2798 Lacedaemonium
617 2737 714 2798 vlride
742 2740 916 2818 cunctisque
942 2735 1067 2796 hilarius
1099 2747 1154 2800 etc.
1191 2737 1228 2798 ci.
1252 2737 1327 2800 Stat.

210 2826 277 2891 silv.
305 2828 322 2887 I
351 2831 379 2899 2,
413 2831 483 2892 148.
520 2833 550 2905 5,
581 2833 633 2891 40.
670 2829 756 2888 Mart.
787 2829 829 2888 VI
853 2831 904 2905 42,
933 2829 981 2887 11.
1018 2825 1065 2886 IX
1091 2831 1141 2900 75,
1167 2831 1195 2889 9.
1230 2826 1326 2906 Lygd.

212 2921 322 2997 3,13.
359 2916 457 2996 Apoll.
483 2917 543 2979 Sid.
571 2938 659 2977 curm.
685 2919 714 2990 5,
740 2921 792 2982 41.
829 2920 878 2995 11,
906 2921 955 2977 18.
993 2917 1143 2995 22,139.
1191 2914 1327 2976 Colorem

209 3009 306 3082 igitur
332 3007 424 3067 habet
453 3006 576 3066 viridem
603 3006 654 3066 ille
683 3007 773 3087 lapis,
805 3005 894 3066 hodic
925 3025 1034 3066 nomen
1065 3008 1108 3072 ei:
1139 3007 1326 3086 serpentino:

209 3096 386 3177 Marquardt
409 3097 427 3159 l.
444 3097 463 3160 l.
487 3118 517 3176 p.
538 3099 609 3159 603.
646 3097 764 3157 Herbas
786 3085 941 3170 imitaturp
954 3095 1035 3156 unde
1058 3096 1158 3175 Apoll.
1176 3095 1238 3158 sid.
1260 3095 1327 3155 her·

210 3187 317 3246 bosum
347 3185 422 3245 illud
451 3206 577 3246 marmor
604 3197 700 3249 vocat.
731 3187 766 3250 cf.
791 3186 989 3264 Bitschofsky,
1014 3185 1052 3245 de
1075 3185 1257 3265 Apollinaris
1281 3186 1326 3245 Si-

210 3275 294 3334 donii
318 3274 423 3335 studiis
446 3275 589 3336 stationis
616 3279 709 3339 1881.
738 3298 768 3356 p.
795 3282 835 3337 30
860 3297 903 3356 sq.
951 3272 1141 3355 Amyclaeum*
1168 3275 1326 3354 Lycurgus

210 3363 305 3438 audit,
329 3377 363 3425 ut
391 3386 408 3423 a
432 3365 562 3425 Thracio
585 3387 658 3444 rege
680 3366 889 3445 dIstinguatur.
935 3369 1037 3445 Atque
1059 3365 1215 3443 Taygetus
1238 3383 1326 3428 mous

210 3453 350 3535 [φαειναί
376 3467 420 3514 est
446 3465 480 3514 ut
506 3457 550 3514 IV
575 3461 604 3530 8,
631 3461 671 3518 52
696 3456 815 3516 dicitur:
850 3455 999 3515 horrenda
1021 3455 1155 3534 Lycurgi
1178 3455 1326 3532 Taygeta.

302 3547 352 3606 92.
375 3542 424 3606 lic
438 3542 618 3606 Nomadum
634 3544 737 3608 lucerii
756 3544 905 3624 flooeuiio
928 3563 1029 3610 soma:
1050 3545 1135 3603 fulvo
1160 3543 1257 3603 colore
1281 3553 1328 3604 est

210 3633 402 3695 Numidicum
430 3655 567 3705 marmor,
593 3635 673 3714 quod
697 3635 777 3698 haud
801 3638 861 3695 scio
891 3655 930 3693 en
953 3636 1044 3714 possit
1068 3655 1127 3694 non
1150 3634 1255 3693 melius
1279 3632 1327 3693 de·

214 3724 305 3784 scribi
322 3744 412 3804 quam
429 3724 611 3804 Apollinaris
627 3724 742 3786 Sidonii
756 3725 857 3785 verbis
883 3723 986 3807 (carm.
1006 3731 1035 3796 5,
1054 3726 1123 3802 37):
1149 3721 1327 3802 ‘Nomadum

214 3815 292 3893 lapis
317 3847 356 3858 -
383 3815 539 3894 antiquum
562 3816 703 3874 mentitus
728 3817 823 3880 ebur’.
871 3814 1018 3895 Compare
1040 3813 1182 3872 Italorum
1205 3832 1325 3876 nomen:

215 3902 317 3981 ‘giallo
341 3905 458 3968 antico’.
498 3903 658 3981 ⁴Elrurnus’
684 3904 764 3985 apud
788 3904 914 3964 eundem
937 3913 1055 3985 poetam
1072 3912 1211 3962 vocatur:
1236 3923 1324 3962 carm.

215 3997 274 4062 11,
302 3995 351 4058 19.
408 3991 580 4074 ‘Nomadum
619 3996 671 4074 qni
702 4003 801 4073 portat
831 3999 963 4054 eburnea
993 4014 1066 4052 saxa
1097 3992 1189 4052 coIIIs'
1221 3989 1324 4076 (carm.

215 4087 267 4158 22,
296 4083 382 4160 138.)
406 4082 481 4146 Stat.
505 4083 569 4146 silv.
593 4085 609 4142 I
634 4091 663 4156 5,
690 4087 744 4144 36:
783 4084 855 4166 ‘sola
878 4085 951 4144 nitet
977 4084 1064 4142 flavis
1086 4081 1254 4142 Nomadum
1278 4081 1327 4140 do-

214 4172 275 4230 cisa
310 4171 435 4232 metallis
470 4172 625 4253 purpuru',
673 4174 717 4234 IV
748 4180 785 4246 2,
818 4177 869 4234 28.
917 4175 1005 4234 Mart.
1039 4172 1081 4232 VI
1112 4176 1164 4242 42,
1193 4175 1240 4232 12.
1279 4171 1325 4230 IX

217 4263 266 4333 75,
293 4265 320 4322 8.
366 4260 438 4320 Hor.
462 4283 550 4323 carm.
576 4262 607 4321 II
634 4266 683 4336 18,
710 4267 738 4324 4.
785 4261 853 4326 Sen.
879 4265 963 4342 epist.
990 4265 1042 4336 86,
1068 4265 1096 4322 6.
1144 4261 1221 4323 Plin.
1246 4261 1275 4322 lr.
1296 4282 1326 4323 n.

213 4349 338 4410 XXXV
364 4353 392 4420 3,
424 4349 565 4411 XXXVI
589 4356 640 4412 48.
687 4351 770 4410 Idem
802 4372 898 4431 genus
928 4351 1089 4430 significat:
1123 4371 1206 4410 mons
1235 4350 1327 4430 Libys
1427 4401 1432 4406 .

215 4440 262 4502 vel
285 4440 416 4527 Libycus
441 4441 489 4500 vel
512 4441 641 4506 Poenus.
