3440 5096
812 419 1029 478 ..40-

364 596 421 658 Sed
453 616 531 677 quae
564 597 673 658 similia
704 597 818 658 confert
850 597 981 658 elisiouis
1011 599 1151 678 exempla
1182 599 1271 680 plaue
1300 601 1387 661 aliter
1414 621 1479 662 esse

363 695 534 767 comparata
556 690 650 764 primo
674 687 781 748 obtutu
804 697 896 768 patet.

454 780 504 840 97.
533 799 592 845 noe
622 779 709 845 docto
732 778 846 844 melius
876 779 1035 861 potientur
1057 778 1205 846 utunno:
1234 779 1429 861 Neapolitani
1451 790 1481 841 ts

364 865 574 930 adsciscemus:
600 868 634 930 ct.
656 889 683 928 v.
706 870 776 928 135.
803 867 839 926 de
863 887 936 928 voco
960 864 1114 954 ‘alumnus'
1134 868 1229 928 Statio
1255 871 1480 932 familiarissima

363 957 399 1018 cf.
424 947 594 1017 Kerckhoff
613 958 631 1020 l.
654 957 673 1017 l.
698 977 728 1035 p.
756 961 793 1019 51
824 961 873 1020 58.

382 1153 399 1213 d
454 1069 504 1167 911Ι
523 1071 683 1150 pontoque
706 1065 837 1131 not-olio
860 1063 965 1132 ottcon
988 1065 1122 1132 intecto:
1148 1065 1184 1127 cf.
1210 1086 1290 1145 quae
1313 1068 1351 1128 ad
1374 1090 1401 1128 v.
1427 1071 1478 1129 56.

363 1176 380 1213 a
402 1165 512 1216 notaui.

454 1267 505 1324 99.
529 1261 675 1328 madidus
699 1260 842 1328 Baccheo
865 1269 992 1330 nectare
1015 1281 1127 1346 scopes:
1151 1261 1187 1324 of,
1214 1261 1257 1321 IV
1275 1263 1304 1335 8,
1320 1268 1353 1326 8:
1381 1265 1481 1348 plage

364 1372 431 1411 cera
456 1350 586 1410 madenti
609 1348 785 1409 Surrentina
809 1345 883 1412 deo’.
1222 1361 1224 1366 ’

455 1461 524 1519 100.
556 1477 646 1540 coepe
671 1479 732 1541 peu
755 1465 948 1524 autumnum
971 1459 1037 1522 t'utn
1059 1459 1247 1542 pubescente
1268 1457 1376 1543 Lyaeo
1408 1471 1478 1523 etc:

363 1549 416 1606 lios
449 1566 552 1606 versus
583 1548 730 1605 Ausonius
763 1547 909 1624 expressit
941 1546 1012 1607 Mos.
1040 1549 1211 1608 169-188
1240 1550 1290 1627 qui
1324 1558 1422 1606 tamen
1450 1570 1478 1611 v.

366 1637 426 1698 175
446 1656 490 1715 sq.
522 1633 595 1694 duas
627 1635 694 1694 illas
719 1635 806 1694 Statii
837 1634 983 1709 imagines
1013 1633 1211 1713 lepidissimus
1244 1637 1366 1694 alteram
1399 1658 1479 1716 nym-

363 1725 490 1805 pharum
523 1743 598 1784 uvas
631 1725 868 1803 surripientium,
901 1723 1025 1782 alteram
1056 1733 1222 1802 satyrorum
1245 1723 1389 1784 Nereidas
1421 1746 1479 1785 sec·

363 1816 505 1886 tantiam,
535 1816 566 1873 in
595 1833 685 1873 unam
715 1813 855 1872 conflavit
878 1812 958 1872 haud
982 1813 1177 1891 ineleganter.
1224 1814 1366 1874 Conferas
1390 1816 1479 1874 etiam

363 1905 453 1970 Lucr.
479 1903 523 1964 IV
546 1905 608 1964 578
633 1923 675 1983 sq.
697 1904 884 1988 pubescente
906 1903 1030 1988 Lyaeo:
1061 1903 1136 1966 conf.
1168 1903 1260 1980 Verg.
1286 1903 1323 1967 G.
1349 1905 1380 1962 II
1402 1907 1479 1965 390:

317 2063 324 2072 p
371 1994 448 2079 (hinc
477 1994 570 2053 omnis
600 1992 686 2070 largo
715 1993 850 2073 pubescit
880 1995 969 2054 vinea
998 1987 1082 2054 fetu'.
1131 2002 1209 2072 poet.
1235 2013 1280 2069 ap.
1307 1992 1366 2055 Cic.
1390 1994 1480 2053 Tusa.

363 2084 451 2144 169:
489 2084 572 2168 tvites
601 2083 748 2142 laetificae
777 2085 925 2162 pampinis
941 2079 1138 2162 ,pubescere‘.
1186 2082 1297 2146 Colum.
1326 2081 1370 2142 IV
1388 2085 1439 2155 28,
1457 2087 1481 2144 1.

456 2194 526 2252 105.
557 2190 740 2275 nudantque
769 2213 827 2276 pet·
854 2193 961 2258 toronos
984 2190 1113 2258 Donido
1141 2192 1288 2258 montani
1313 2191 1484 2274 cupierunt

365 2281 520 2366 prendere
551 2279 675 2347 Penes:
709 2281 908 2340 Baehrensius
938 2278 1148 2340 eMarklandi
1179 2282 1347 2340 coniectura
1379 2278 1482 2342 edidit:

367 2372 532 2453 udansque.
582 2368 649 2444 Qua
682 2379 801 2449 recepta
832 2368 904 2449 quid
936 2369 1085 2429 lucremur
1114 2389 1173 2428 non
1207 2369 1301 2428 video.
1350 2367 1429 2444 Quid
1453 2370 1484 2428 in

369 2458 479 2518 tradita
502 2459 629 2518 lectione
652 2461 737 2518 otiosi
761 2460 807 2531 sit,
832 2460 902 2517 item
926 2478 984 2518 uon
1008 2456 1105 2518 video.
1151 2457 1228 2516 Nam
1253 2457 1334 2538 quod
1357 2458 1399 2516 illi
1421 2459 1484 2518 viro

365 2549 535 2609 doctissimo
559 2549 711 2628 superflua
734 2547 853 2608 videtur
877 2568 938 2608 vox
965 2542 1108 2633 ¹nudam':
1142 2546 1234 2606 multo
1262 2549 1358 2623 magis
1383 2567 1484 2626 super·

365 2658 530 2698 vacaneum
564 2647 609 2697 est
639 2637 727 2699 illud:
762 2636 860 2700 udam.
920 2638 1026 2717 Neque
1059 2635 1223 2716 quidquam
1255 2637 1356 2696 valere
1386 2637 1484 2696 iudico

369 2736 577 2806 argumentum
603 2726 683 2807 quod
707 2726 814 2787 deinde
831 2725 1027 2786 Marklandus
1051 2727 1188 2805 protulit:
1212 2735 1305 2804 negat
1328 2726 1406 2785 euim
1425 2728 1484 2785 Au-

368 2819 482 2878 sonium
514 2817 622 2894 legisse
656 2812 796 2900 (nudam.
850 2817 919 2876 Non
951 2817 1098 2896 expressit
1127 2817 1157 2876 in
1188 2815 1287 2876 verbis
1319 2817 1395 2895 suis,
1433 2814 1486 2875 sed

366 2919 464 2968 utrum
496 2906 603 2983 legerit
634 2926 743 2978 necue,
777 2906 950 2966 eredivivo
974 2907 1107 2965 Ausonio
1138 2907 1289 2985 inquirere
1317 2925 1393 2985 opus
1421 2907 1485 2964 erit.

367 2997 522 3056 Assentior
546 2997 639 3072 igitur
663 2997 789 3056 Miillero
814 2997 847 3074 (l.
873 2997 891 3059 l.
915 3017 945 3076 p.
964 2999 1017 3058 46.
1041 2995 1109 3058 adn.
1137 2998 1178 3075 1.)
1202 2997 1254 3074 qui
1281 2991 1408 3079 ¹nudam’
1435 2994 1486 3054 du·

367 3087 497 3146 bitsntar
521 3084 652 3165 quidem,
678 3084 730 3144 sed
754 3085 879 3145 feliciter
904 3083 1050 3144 defendit:
1075 3086 1258 3163 comparavit
1282 3083 1337 3146 Ov.
1364 3096 1433 3147 met.
1460 3085 1486 3141 V

370 3178 443 3250 395,
469 3174 558 3236 adde:
583 3174 623 3236 ib.
648 3173 696 3233 XI
714 3176 775 3236 237
810 3195 878 3260 (quo
903 3195 992 3253 saepe
1017 3176 1119 3233 venire
1141 3175 1257 3234 frenato
1281 3173 1421 3254 delphine
1445 3194 1487 3232 se·

371 3266 451 3338 dens,
477 3265 568 3323 Theti
592 3262 681 3337 nuda,
707 3259 843 3325 solebas'.
892 3262 996 3327 Claud.
1020 3264 1058 3324 de
1082 3272 1165 3342 nupt.
1182 3264 1257 3327 Hon.
1280 3267 1350 3326 171.
1379 3262 1487 3346 ίηιιάιιθ

370 3356 516 3414 Venerem
542 3354 662 3412 cinxere
679 3347 825 3413 catervae¹
851 3354 970 3433 (nempe
986 3348 1173 3434 Nereidum).
1222 3353 1364 3414 &inferas
1381 3354 1485 3412 etiarn:

369 3444 398 3502 II
416 3448 445 3518 3,
462 3447 516 3506 32:
543 3442 745 3520 <Pholoe>
771 3445 809 3527 ‘in
827 3443 936 3502 fontem
953 3445 1062 3510 niveos
1084 3463 1126 3510 ne
1143 3443 1300 3527 penderet
1320 3449 1421 3526 erius,
1446 3445 1488 3502 sic

369 3542 447 3592 torta
471 3554 536 3592 curn
560 3541 643 3592 veste
666 3527 745 3593 ruit'.
786 3533 935 3600 melitani
951 3568 993 3578 -
1009 3531 1134 3600 Panes:
1158 3533 1194 3595 ci.
1213 3533 1267 3596 Ov.
1284 3532 1346 3594 her.
1365 3536 1393 3606 4,
1411 3536 1486 3593 171:

371 3631 581 3708 ‘montanaque
604 3625 728 3682 numina
751 3617 869 3683 Panes‘.
918 3621 953 3684 cf.
979 3623 1029 3682 Sil.
1054 3623 1089 3684 It.
1114 3623 1222 3684 Vtut
1236 3642 1280 3702 sq.

462 3731 532 3792 107.
556 3729 601 3795 sis
623 3730 718 3814 setin,
742 3730 849 3804 tellus,
874 3731 1013 3796 dominio
1037 3730 1183 3797 ouubobus
1207 3731 1245 3795 c‘n
1268 3750 1374 3796 annos
1397 3728 1488 3814 Mee-

370 3821 462 3887 denti
477 3818 629 3904 Pyliique
653 3820 756 3886 senis:
779 3820 885 3896 ineptit
901 3819 1060 3879 Gevnrtius
1083 3840 1147 3879 cum
1174 3817 1306 3878 dominos
1326 3817 1391 3877 illos
1407 3819 1488 3898 Nep·

373 3923 475 3970 tunum
502 3919 532 3967 et
554 3909 714 3968 Herculem
740 3927 804 3968 esse
833 3910 945 3971 statuit.
994 3910 1110 3968 Domini
1140 3917 1238 3967 autem
1271 3908 1301 3965 iu
1330 3907 1403 3966 villa
1431 3928 1490 3967 non

374 4010 443 4059 sunt
466 4000 523 4057 nisi
540 3997 654 4057 Pollius
673 4007 701 4056 et
717 3998 813 4070 Polla,
838 3997 867 4057 id
893 3997 972 4078 quod
997 3997 1062 4058 fuse
1086 4008 1116 4059 et
1138 3996 1222 4058 docte
1238 3998 1376 4076 exposuit
1392 3997 1489 4058 Mark-

372 4087 490 4151 landus.
539 4088 737 4172 Mppuonius
766 4109 863 4156 senen
895 4098 1010 4167 spectat
1034 4086 1070 4146 ad
1095 4088 1271 4160 Tithonum,
1304 4088 1388 4148 cuius
1420 4089 1489 4147 anni

373 4179 404 4237 in
427 4177 617 4258 proverbium
643 4177 790 4240 abierunt.
837 4181 911 4238 Item
936 4177 1044 4238 Nestor
1072 4178 1181 4255 longae
1209 4178 1289 4236 vitae
1313 4177 1489 4258 exemplum.

373 4275 430 4329 ost:
455 4268 499 4330 tv
514 4271 543 4341 3,
563 4271 634 4328 151.
661 4267 676 4327 1
694 4271 722 4349 a,
739 4272 810 4329 125.
836 4267 864 4330 v
884 4272 913 4348 e,
928 4269 1001 4331 ese.
1025 4267 1070 4327 111
1089 4270 1205 4348 etot.
1252 4266 1349 4330 utos.
1366 4267 1490 4347 v‚157.

374 4354 668 4438 0v.on.1117‚41
696 4358 734 4418 al.
783 4357 907 4418 Nullum
932 4357 993 4417 fere
1011 4355 1097 4430 Statii
1118 4376 1236 4419 carmen
1260 4358 1324 4418 sine
1347 4356 1398 4420 illo
1422 4363 1490 4419 voto
