3440 5096
706 479 927 539 ..21-

350 659 399 718 19.
432 653 508 724 leals
536 657 589 724 hic
616 656 736 724 Phorci
767 659 883 724 choras
913 659 1039 742 tectoque
1062 660 1169 726 mines
1202 655 1374 745 Cymodoce

258 747 435 830 uiridisque
462 748 550 831 capit
578 746 711 814 Galatea
739 747 859 814 lavari:
887 768 1002 807 summa
1029 748 1094 807 laus
1123 748 1227 807 balnei
1251 750 1377 810 alicuius

258 846 311 915 est,
340 837 367 896 si
390 836 439 896 vel
465 837 588 895 numina
611 836 653 896 ibi
677 838 803 917 cupiunt
825 837 928 897 lavare
951 857 1075 917 corpora
1098 838 1135 900 cf.
1160 837 1175 897 I
1200 840 1229 912 5,
1246 841 1303 901 56.
1328 840 1377 898 hic

258 922 378 1010 (nempe
407 927 438 983 in
462 925 581 986 Etrusci
610 925 731 1003 balneo)
761 925 850 985 velox
873 927 988 986 Hecate
1016 927 1089 986 velit
1112 936 1142 985 et
1165 925 1313 1007 deprensa
1335 929 1377 987 la·

256 1017 332 1075 vari.
359 1049 399 1060 -
424 1011 544 1082 Phorci
559 1016 688 1082 clectus:
705 1015 839 1075 Phorcus
853 1017 901 1075 vel
920 1015 1049 1095 Phorcys
1074 1015 1146 1076 deus
1169 1016 1221 1075 ille
1243 1019 1377 1079 marinus

258 1115 313 1178 est,
337 1103 426 1163 Ponti
442 1115 471 1164 et
486 1104 600 1165 Terrae
615 1105 711 1166 filius:
737 1105 773 1169 cl.
793 1105 884 1183 Verg.
902 1107 978 1166 Aen.
994 1106 1032 1178 V,
1064 1110 1126 1167 240
1144 1104 1219 1164 dixit
1247 1127 1376 1187 eumque

260 1195 324 1252 imis
347 1193 402 1253 sub
417 1193 557 1254 fluctibus
581 1193 676 1253 audiit
699 1195 794 1254 omnis
810 1193 972 1254 Nereidum
993 1195 1162 1274 Phorcique
1185 1194 1294 1254 chorus
1318 1207 1374 1260 etc.

260 1281 398 1342 Eiusdem
427 1282 495 1342 libri
525 1305 552 1342 v.
586 1285 658 1346 826.
705 1283 871 1362 Cymodoce
899 1281 966 1343 cu'm
994 1286 1059 1343 eIus
1087 1287 1222 1344 exercitu
1250 1306 1374 1344 comme·

261 1381 396 1433 moratur.
443 1372 530 1448 Quas
565 1374 643 1433 inter
677 1372 824 1433 Nereidas
864 1381 1056 1434 enumeratur
1093 1373 1174 1453 apud
1210 1374 1376 1458 Hesiodum

259 1461 370 1539 (theog.
401 1460 480 1545 252)
509 1483 574 1521 cum
600 1462 728 1522 Galatea
756 1463 797 1537 (v.
829 1459 915 1544 250).
961 1463 1007 1522 De
1032 1463 1164 1543 epitheto
1190 1461 1312 1546 ‘viridis‘
1338 1465 1375 1526 cf.

258 1570 281 1611 e.
311 1571 342 1628 g.
372 1551 457 1612 Hosii
485 1551 523 1610 ad
552 1553 676 1611 Ausonii
704 1551 847 1611 Mosellae
878 1572 905 1614 v.
941 1555 1000 1612 179
1031 1553 1255 1612 adnotationem
1266 1551 1291 1635 1)
1321 1573 1375 1614 nec

256 1659 314 1699 non
339 1640 500 1700 Henricum
525 1641 630 1701 Iliiller
652 1641 671 1702 l.
697 1641 716 1702 l.
741 1662 771 1721 p.
798 1644 839 1702 46
864 1639 934 1702 adn.

345 1733 397 1792 21.
433 1737 507 1797 onte
540 1730 668 1797 domam
701 1731 842 1796 tumidae
876 1731 1054 1797 moderator
1089 1732 1239 1798 coerttlus
1269 1727 1376 1800 ondlm

256 1819 388 1886 excubat
396 1841 406 1884 :
443 1820 578 1899 Neptuni
613 1819 757 1899 templum
792 1818 864 1878 dicit
898 1829 968 1879 ante
1002 1818 1120 1879 domum
1155 1821 1256 1886 fuisse.
1315 1821 1375 1881 Sed

256 1910 410 1988 quaeritur
425 1929 515 1989 quam
535 1910 583 1968 hic
598 1908 717 1968 domum
733 1908 843 1968 dixerit
858 1920 955 1988 poeta.
995 1909 1155 1980 Belochius
1179 1910 1212 1987 (l.
1225 1910 1244 1971 l.
1262 1908 1374 1994 pall)

256 1996 403 2058 intellexit
418 1998 520 2058 villam
544 2001 649 2078 ipsam.
686 2000 728 2057 At
752 1998 878 2057 villain
901 1997 1030 2057 culmine
1054 2000 1162 2058 montis
1184 1999 1242 2058 sita
1265 2014 1318 2079 est,
1344 2003 1375 2059 in

255 2107 346 2168 quam
374 2087 505 2148 nondum
534 2089 615 2147 enixi
643 2107 755 2150 sumus.
802 2089 883 2165 Ergo
907 2089 940 2146 in
962 2088 1049 2147 litore
1071 2107 1235 2149 versamur.
1262 2089 1374 2149 Domus

255 2179 348 2254 igitur
376 2177 413 2237 ad
441 2178 519 2237 solas
549 2178 677 2238 thermas
703 2187 840 2257 spectare
864 2186 970 2256 potest.
994 2176 1194 2251 Quamobrem
1218 2198 1312 2258 prope
1336 2178 1374 2237 ad

254 2286 336 2326 oram
359 2269 433 2346 quin
455 2267 547 2328 fuerit
562 2267 702 2327 sacellum
718 2265 792 2325 Illud
808 2266 944 2346 Neptuni
970 2287 1031 2326 non
1045 2276 1143 2346 potest
1158 2285 1222 2326 esse
1239 2267 1372 2347 dubium,

256 2355 288 2413 id
313 2355 392 2436 quod
417 2357 466 2416 vel
488 2359 683 2436 sequentibus
712 2357 868 2419 evincitur.
898 2354 1014 2416 tumida
1035 2354 1118 2415 unda
1141 2354 1249 2416 dicitur
1272 2368 1306 2416 ut
1329 2366 1373 2415 tu·

255 2444 367 2506 midum
390 2466 489 2506 marc:
514 2447 606 2522 Verg.
631 2449 706 2509 Aen.
730 2446 787 2519 111,
815 2448 886 2506 157.
913 2444 986 2504 VIII
1011 2447 1072 2505 671
1099 2447 1163 2504 sim.

343 2540 394 2598 22.
427 2537 526 2602 hoio-s
560 2536 662 2603 amico
696 2542 848 2619 spumoat
881 2536 997 2620 templo
1032 2536 1118 2602 solo:
1152 2535 1293 2613 palmaris
1329 2545 1373 2595 est
1432 2601 1451 2624 ,

253 2625 395 2684 Politiani
423 2625 591 2686 emendatio
613 2645 667 2706 pro
692 2645 726 2686 so
750 2623 831 2704 quod
853 2626 884 2684 in
908 2625 993 2683 libris
1017 2625 1081 2684 sins
1103 2643 1193 2683 sensu
1217 2633 1371 2683 exaratum

253 2725 315 2777 est:
339 2715 410 2776 solo.
435 2713 597 2776 Gerartius
620 2734 690 2774 vero
717 2709 796 2797 ‘sale'
822 2715 983 2793 proposuit.

343 2808 393 2867 23.
425 2803 536 2886 folleia
569 2821 651 2872 roro
684 2810 794 2870 tactor
827 2803 973 2884 Atridam·
1003 2803 1122 2888 paeda
1152 2804 1280 2887 pomino
1314 2805 1372 2869 rob

252 2895 388 2961 neemiae
408 2897 538 2973 portas:
554 2914 593 2953 ne
608 2892 747 2952 HercuIIs
764 2892 882 2972 quidem
904 2912 1019 2951 sacrum
1044 2893 1135 2968 longe
1159 2892 1235 2950 afuit
1257 2914 1275 2949 a
1298 2893 1372 2951 mari

253 2984 289 3043 cf.
318 2983 374 3058 ΙΙΙ,
406 2987 434 3057 1,
450 2987 478 3045 3.
512 2987 561 3044 12.
594 2987 644 3044 68.
678 2985 749 3045 104.
785 3017 821 3026 -
856 2980 995 3042 Ceterum
1026 2982 1188 3041 rectissime
1219 2981 1371 3040 Krohnius

253 3075 375 3140 monuit,
392 3075 417 3132 si
433 3073 701 3152 interpunctionem
719 3071 894 3132 Baehrensii
910 3071 1081 3151 probamus,
1098 3090 1221 3129 versum
1239 3075 1279 3130 25
1297 3071 1371 3129 nihil

253 3182 317 3221 esse
345 3164 401 3222 nisi
431 3163 583 3223 molestam
612 3160 818 3220 antecedentis
845 3162 1012 3221 sententies
1034 3161 1250 3240 repetitionem.
1276 3159 1370 3218 Multo

252 3271 324 3311 vero
340 3252 373 3310 fit
388 3252 492 3310 melior
507 3251 666 3329 sententia,
690 3253 717 3310 si
741 3271 807 3310 cum
832 3251 883 3310 illo
907 3248 1131 3327 distinguimus3
1157 3260 1269 3328 puncto
1292 3251 1369 3307 enim

253 3343 348 3422 posito
371 3344 549 3401 sententiam
573 3342 702 3421 priorem
725 3340 854 3400 absolvit
876 3349 945 3419 post
967 3360 995 3402 v.
1013 3342 1064 3416 24,
1089 3359 1118 3399 v.
1144 3341 1184 3398 25
1209 3358 1276 3397 eum
1300 3338 1369 3398 sub-

251 3430 447 3511 seqnentibus
483 3432 647 3507 coniungit.
694 3431 759 3489 lam
794 3429 950 3488 habemus·
973 3427 1200 3507 quadruplicem
1235 3426 1370 3486 adverbii

256 3514 320 3607 ‘hic'
354 3519 554 3601 anaphoram:
587 3541 615 3582 v.
641 3525 693 3583 25.
717 3517 797 3602 (bis).
829 3539 855 3580 v.
881 3520 930 3578 26.
963 3538 991 3579 v.
1017 3520 1080 3595 28.,
1115 3516 1245 3592 figuram
1277 3518 1370 3576 Statio

251 3611 441 3672 tritissimum.
452 3613 476 3690 ²)

325 3701 392 3765 '25.
416 3700 467 3766 hio
489 3706 596 3767 serem
625 3705 739 3771 terror,
770 3698 823 3764 hio
853 3698 955 3764 suevis
986 3695 1136 3774 tlttctt‘btts
1164 3696 1263 3762 obstat
1287 3697 1371 3762 mira

162 3845 165 3850 Δ
252 3791 359 3875 quies:
389 3799 469 3853 recte
500 3788 611 3848 dictum
642 3797 688 3848 est
719 3789 850 3867 quietem
882 3797 975 3844 terras
999 3805 1134 3858 servare,
1170 3805 1239 3842 nam
1274 3783 1370 3864 rapidi

254 3880 362 3940 fluctus
393 3887 500 3938 terram
533 3878 668 3939 abluunt.
717 3874 913 3936 Marklandus
947 3876 1084 3954 quamvis
1117 3873 1289 3932 dubitanter
1316 3893 1370 3952 pro

256 3969 350 4052 ‘quies
373 3965 483 4050 pelagi'>
512 3968 593 4054 (fides
616 3961 727 4047 pelagi’
753 3966 888 4030 coniecit.
935 3964 1024 4022 Hanc
1049 3965 1245 4022 mutationem
1269 3983 1369 4022 emen-

253 4059 404 4121 dadonem
428 4078 491 4118 esse
514 4059 567 4117 vix
591 4057 690 4117 dicere
705 4057 810 4115 ausim.
846 4054 976 4114 Probum
1000 4063 1099 4113 autem
1123 4061 1167 4112 est
1190 4053 1369 4112 vocabulum

344 4287 365 4356 ¹)
383 4285 436 4339 Die
460 4285 576 4340 Mosella
600 4285 648 4339 des
674 4283 801 4338 Decimus
825 4283 943 4351 Magnus
967 4281 1120 4349 Ausonius,
1144 4280 1370 4349 herausgegeben

253 4359 309 4421 und
328 4358 435 4414 crhlhrt
453 4373 505 4410 von
524 4357 571 4415 Dr.
593 4356 656 4411 Garl
675 4355 784 4410 Hosius.
822 4353 954 4421 hiarbnrg
974 4354 1042 4407 1894
1069 4370 1095 4422 p.
1115 4353 1158 4407 45.

343 4429 366 4508 ²)
385 4444 477 4484 reram
496 4427 704 4488 distinctionem
721 4425 833 4482 exhibet
852 4426 906 4480 iam
924 4425 966 4482 ed.
986 4423 1053 4478 Van.
1075 4426 1151 4478 1494.
